%YAML 1.1
%TAG !u! tag:unity3d.com,2011:
--- !u!1 &270797266881936480
GameObject:
  m_ObjectHideFlags: 0
  m_CorrespondingSourceObject: {fileID: 0}
  m_PrefabInstance: {fileID: 0}
  m_PrefabAsset: {fileID: 0}
  serializedVersion: 6
  m_Component:
  - component: {fileID: 3681327113822814157}
  m_Layer: 5
  m_Name: SettingsArea
  m_TagString: Untagged
  m_Icon: {fileID: 0}
  m_NavMeshLayer: 0
  m_StaticEditorFlags: 0
  m_IsActive: 1
--- !u!224 &3681327113822814157
RectTransform:
  m_ObjectHideFlags: 0
  m_CorrespondingSourceObject: {fileID: 0}
  m_PrefabInstance: {fileID: 0}
  m_PrefabAsset: {fileID: 0}
  m_GameObject: {fileID: 270797266881936480}
  m_LocalRotation: {x: 0, y: 0, z: 0, w: 1}
  m_LocalPosition: {x: 0, y: 0, z: 0}
  m_LocalScale: {x: 1, y: 1, z: 1}
  m_Children:
  - {fileID: 4278049814469377470}
  - {fileID: 401797765004298872}
  m_Father: {fileID: 6638128402191584844}
  m_RootOrder: 2
  m_LocalEulerAnglesHint: {x: 0, y: 0, z: 0}
  m_AnchorMin: {x: 0, y: 0.5}
  m_AnchorMax: {x: 1, y: 0.5}
  m_AnchoredPosition: {x: 0, y: 380}
  m_SizeDelta: {x: 0, y: 400}
  m_Pivot: {x: 0.5, y: 0.5}
--- !u!1 &354464681569060291
GameObject:
  m_ObjectHideFlags: 0
  m_CorrespondingSourceObject: {fileID: 0}
  m_PrefabInstance: {fileID: 0}
  m_PrefabAsset: {fileID: 0}
  serializedVersion: 6
  m_Component:
  - component: {fileID: 401797765004298872}
  - component: {fileID: 8070842860526235586}
  m_Layer: 5
  m_Name: Switches
  m_TagString: Untagged
  m_Icon: {fileID: 0}
  m_NavMeshLayer: 0
  m_StaticEditorFlags: 0
  m_IsActive: 1
--- !u!224 &401797765004298872
RectTransform:
  m_ObjectHideFlags: 0
  m_CorrespondingSourceObject: {fileID: 0}
  m_PrefabInstance: {fileID: 0}
  m_PrefabAsset: {fileID: 0}
  m_GameObject: {fileID: 354464681569060291}
  m_LocalRotation: {x: -0, y: -0, z: -0, w: 1}
  m_LocalPosition: {x: 0, y: 0, z: 0}
  m_LocalScale: {x: 1, y: 1, z: 1}
  m_Children:
  - {fileID: 2899345696164981618}
  - {fileID: 5700177186329063386}
  - {fileID: 6052708530460872354}
  - {fileID: 8422951382362071314}
  m_Father: {fileID: 3681327113822814157}
  m_RootOrder: 1
  m_LocalEulerAnglesHint: {x: 0, y: 0, z: 0}
  m_AnchorMin: {x: 0, y: 0}
  m_AnchorMax: {x: 1, y: 0}
  m_AnchoredPosition: {x: 0, y: 100}
  m_SizeDelta: {x: 0, y: 200}
  m_Pivot: {x: 0.5, y: 0.5}
--- !u!114 &8070842860526235586
MonoBehaviour:
  m_ObjectHideFlags: 0
  m_CorrespondingSourceObject: {fileID: 0}
  m_PrefabInstance: {fileID: 0}
  m_PrefabAsset: {fileID: 0}
  m_GameObject: {fileID: 354464681569060291}
  m_Enabled: 1
  m_EditorHideFlags: 0
  m_Script: {fileID: 11500000, guid: 30649d3a9faa99c48a7b1166b86bf2a0, type: 3}
  m_Name: 
  m_EditorClassIdentifier: 
  m_Padding:
    m_Left: 0
    m_Right: 0
    m_Top: 0
    m_Bottom: 0
  m_ChildAlignment: 4
  m_Spacing: 20
  m_ChildForceExpandWidth: 0
  m_ChildForceExpandHeight: 1
  m_ChildControlWidth: 0
  m_ChildControlHeight: 0
  m_ChildScaleWidth: 1
  m_ChildScaleHeight: 1
  m_ReverseArrangement: 0
--- !u!114 &5929559579007618278
MonoBehaviour:
  m_ObjectHideFlags: 0
  m_CorrespondingSourceObject: {fileID: 0}
  m_PrefabInstance: {fileID: 0}
  m_PrefabAsset: {fileID: 0}
  m_GameObject: {fileID: 8155633509363761954}
  m_Enabled: 1
  m_EditorHideFlags: 0
  m_Script: {fileID: 11500000, guid: 7fcfaca8322d4f01a2a69249e6438dc9, type: 3}
  m_Name: 
  m_EditorClassIdentifier: 
--- !u!1 &3129260652903027767
GameObject:
  m_ObjectHideFlags: 0
  m_CorrespondingSourceObject: {fileID: 0}
  m_PrefabInstance: {fileID: 0}
  m_PrefabAsset: {fileID: 0}
  serializedVersion: 6
  m_Component:
  - component: {fileID: 4278049814469377470}
  - component: {fileID: 2566038707761236787}
  - component: {fileID: 3922424339651422681}
  - component: {fileID: 7902858757487826738}
  - component: {fileID: 6100073240765639777}
  - component: {fileID: 8261364656910734793}
  m_Layer: 5
  m_Name: Header
  m_TagString: Untagged
  m_Icon: {fileID: 0}
  m_NavMeshLayer: 0
  m_StaticEditorFlags: 4294967295
  m_IsActive: 1
--- !u!224 &4278049814469377470
RectTransform:
  m_ObjectHideFlags: 0
  m_CorrespondingSourceObject: {fileID: 0}
  m_PrefabInstance: {fileID: 0}
  m_PrefabAsset: {fileID: 0}
  m_GameObject: {fileID: 3129260652903027767}
  m_LocalRotation: {x: -0, y: -0, z: -0, w: 1}
  m_LocalPosition: {x: 0, y: 0, z: 0}
  m_LocalScale: {x: 1, y: 1, z: 1}
  m_Children: []
  m_Father: {fileID: 3681327113822814157}
  m_RootOrder: 0
  m_LocalEulerAnglesHint: {x: 0, y: 0, z: 0}
  m_AnchorMin: {x: 0, y: 1}
  m_AnchorMax: {x: 1, y: 1}
  m_AnchoredPosition: {x: 0, y: 0}
  m_SizeDelta: {x: 0, y: 178}
  m_Pivot: {x: 0.5, y: 1}
--- !u!222 &2566038707761236787
CanvasRenderer:
  m_ObjectHideFlags: 0
  m_CorrespondingSourceObject: {fileID: 0}
  m_PrefabInstance: {fileID: 0}
  m_PrefabAsset: {fileID: 0}
  m_GameObject: {fileID: 3129260652903027767}
  m_CullTransparentMesh: 0
--- !u!114 &3922424339651422681
MonoBehaviour:
  m_ObjectHideFlags: 0
  m_CorrespondingSourceObject: {fileID: 0}
  m_PrefabInstance: {fileID: 0}
  m_PrefabAsset: {fileID: 0}
  m_GameObject: {fileID: 3129260652903027767}
  m_Enabled: 1
  m_EditorHideFlags: 0
  m_Script: {fileID: 11500000, guid: f4688fdb7df04437aeb418b961361dc5, type: 3}
  m_Name: 
  m_EditorClassIdentifier: 
  m_Material: {fileID: 0}
  m_Color: {r: 1, g: 1, b: 1, a: 1}
  m_RaycastTarget: 0
  m_RaycastPadding: {x: 0, y: 0, z: 0, w: 0}
  m_Maskable: 0
  m_OnCullStateChanged:
    m_PersistentCalls:
      m_Calls: []
  m_text: Settings
  m_isRightToLeft: 0
  m_fontAsset: {fileID: 11400000, guid: 0d46cf1a2a3a23b45920089efb62e936, type: 2}
  m_sharedMaterial: {fileID: -784848525983166014, guid: 0d46cf1a2a3a23b45920089efb62e936,
    type: 2}
  m_fontSharedMaterials: []
  m_fontMaterial: {fileID: 0}
  m_fontMaterials: []
  m_fontColor32:
    serializedVersion: 2
    rgba: 4294967295
  m_fontColor: {r: 1, g: 1, b: 1, a: 1}
  m_enableVertexGradient: 0
  m_colorMode: 3
  m_fontColorGradient:
    topLeft: {r: 1, g: 1, b: 1, a: 1}
    topRight: {r: 1, g: 1, b: 1, a: 1}
    bottomLeft: {r: 1, g: 1, b: 1, a: 1}
    bottomRight: {r: 1, g: 1, b: 1, a: 1}
  m_fontColorGradientPreset: {fileID: 0}
  m_spriteAsset: {fileID: 0}
  m_tintAllSprites: 0
  m_StyleSheet: {fileID: 0}
  m_TextStyleHashCode: -1183493901
  m_overrideHtmlColors: 0
  m_faceColor:
    serializedVersion: 2
    rgba: 4294967295
  m_fontSize: 100
  m_fontSizeBase: 100
  m_fontWeight: 400
  m_enableAutoSizing: 1
  m_fontSizeMin: 18
  m_fontSizeMax: 100
  m_fontStyle: 33
  m_HorizontalAlignment: 2
  m_VerticalAlignment: 512
  m_textAlignment: 65535
  m_characterSpacing: 0
  m_wordSpacing: 0
  m_lineSpacing: 0
  m_lineSpacingMax: 0
  m_paragraphSpacing: 0
  m_charWidthMaxAdj: 0
  m_enableWordWrapping: 0
  m_wordWrappingRatios: 0.4
  m_overflowMode: 0
  m_linkedTextComponent: {fileID: 0}
  parentLinkedComponent: {fileID: 0}
  m_enableKerning: 1
  m_enableExtraPadding: 0
  checkPaddingRequired: 0
  m_isRichText: 1
  m_parseCtrlCharacters: 1
  m_isOrthographic: 1
  m_isCullingEnabled: 0
  m_horizontalMapping: 0
  m_verticalMapping: 0
  m_uvLineOffset: 0
  m_geometrySortingOrder: 0
  m_IsTextObjectScaleStatic: 0
  m_VertexBufferAutoSizeReduction: 1
  m_useMaxVisibleDescender: 1
  m_pageToDisplay: 1
  m_margin: {x: 0, y: 0, z: 0, w: 0}
  m_isUsingLegacyAnimationComponent: 0
  m_isVolumetricText: 0
  m_hasFontAssetChanged: 0
  m_baseMaterial: {fileID: 0}
  m_maskOffset: {x: 0, y: 0, z: 0, w: 0}
--- !u!114 &7902858757487826738
MonoBehaviour:
  m_ObjectHideFlags: 0
  m_CorrespondingSourceObject: {fileID: 0}
  m_PrefabInstance: {fileID: 0}
  m_PrefabAsset: {fileID: 0}
  m_GameObject: {fileID: 3129260652903027767}
  m_Enabled: 1
  m_EditorHideFlags: 0
  m_Script: {fileID: 11500000, guid: 512d7c5a36d89834f91812ffe427236b, type: 3}
  m_Name: 
  m_EditorClassIdentifier: 
--- !u!114 &6100073240765639777
MonoBehaviour:
  m_ObjectHideFlags: 0
  m_CorrespondingSourceObject: {fileID: 0}
  m_PrefabInstance: {fileID: 0}
  m_PrefabAsset: {fileID: 0}
  m_GameObject: {fileID: 3129260652903027767}
  m_Enabled: 1
  m_EditorHideFlags: 0
  m_Script: {fileID: 11500000, guid: 25d03c73cebc4190867e5083b71b4779, type: 3}
  m_Name: 
  m_EditorClassIdentifier: 
  _OverrideLocalization: 0
  _OverridedLocalization: 10
  _Key: settings.settings
  _Uppercase: 0
--- !u!114 &8261364656910734793
MonoBehaviour:
  m_ObjectHideFlags: 0
  m_CorrespondingSourceObject: {fileID: 0}
  m_PrefabInstance: {fileID: 0}
  m_PrefabAsset: {fileID: 0}
  m_GameObject: {fileID: 3129260652903027767}
  m_Enabled: 1
  m_EditorHideFlags: 0
  m_Script: {fileID: 11500000, guid: b75a7b994ec64435bb8d7a7a2b468953, type: 3}
  m_Name: 
  m_EditorClassIdentifier: 
  _OverrideLocalization: 0
  _OverridedLocalization: 10
--- !u!1 &3613919572888830251
GameObject:
  m_ObjectHideFlags: 0
  m_CorrespondingSourceObject: {fileID: 0}
  m_PrefabInstance: {fileID: 0}
  m_PrefabAsset: {fileID: 0}
  serializedVersion: 6
  m_Component:
  - component: {fileID: 8298100593441861407}
  - component: {fileID: 4607560353029959024}
  - component: {fileID: 2849287395310100505}
  - component: {fileID: 5509460041314359861}
  m_Layer: 5
  m_Name: LangArea
  m_TagString: Untagged
  m_Icon: {fileID: 0}
  m_NavMeshLayer: 0
  m_StaticEditorFlags: 0
  m_IsActive: 1
--- !u!224 &8298100593441861407
RectTransform:
  m_ObjectHideFlags: 0
  m_CorrespondingSourceObject: {fileID: 0}
  m_PrefabInstance: {fileID: 0}
  m_PrefabAsset: {fileID: 0}
  m_GameObject: {fileID: 3613919572888830251}
  m_LocalRotation: {x: 0, y: 0, z: 0, w: 1}
  m_LocalPosition: {x: 0, y: 0, z: 0}
  m_LocalScale: {x: 1, y: 1, z: 1}
  m_Children:
  - {fileID: 2166120630065491692}
  - {fileID: 6727932968013086144}
  m_Father: {fileID: 6638128402191584844}
  m_RootOrder: 4
  m_LocalEulerAnglesHint: {x: 0, y: 0, z: 0}
  m_AnchorMin: {x: 0, y: 0.5}
  m_AnchorMax: {x: 1, y: 0.5}
  m_AnchoredPosition: {x: 0, y: -180}
  m_SizeDelta: {x: -200, y: 400}
  m_Pivot: {x: 0.5, y: 0.5}
--- !u!114 &4607560353029959024
MonoBehaviour:
  m_ObjectHideFlags: 0
  m_CorrespondingSourceObject: {fileID: 0}
  m_PrefabInstance: {fileID: 0}
  m_PrefabAsset: {fileID: 0}
  m_GameObject: {fileID: 3613919572888830251}
  m_Enabled: 1
  m_EditorHideFlags: 0
  m_Script: {fileID: 11500000, guid: 3ed5872305794653bfad90fefcea5c05, type: 3}
  m_Name: 
  m_EditorClassIdentifier: 
--- !u!114 &2849287395310100505
MonoBehaviour:
  m_ObjectHideFlags: 0
  m_CorrespondingSourceObject: {fileID: 0}
  m_PrefabInstance: {fileID: 0}
  m_PrefabAsset: {fileID: 0}
  m_GameObject: {fileID: 3613919572888830251}
  m_Enabled: 1
  m_EditorHideFlags: 0
  m_Script: {fileID: 11500000, guid: 08eca9f7688a0a24685b89133b020c8e, type: 3}
  m_Name: 
  m_EditorClassIdentifier: 
  _scriptableObjectInstallers: []
  _monoInstallers:
  - {fileID: 5509460041314359861}
  _installerPrefabs: []
  _autoRun: 1
  _kernel: {fileID: 0}
--- !u!114 &5509460041314359861
MonoBehaviour:
  m_ObjectHideFlags: 0
  m_CorrespondingSourceObject: {fileID: 0}
  m_PrefabInstance: {fileID: 0}
  m_PrefabAsset: {fileID: 0}
  m_GameObject: {fileID: 3613919572888830251}
  m_Enabled: 1
  m_EditorHideFlags: 0
  m_Script: {fileID: 11500000, guid: 88e1f17b7e31464a90131bf419435fa0, type: 3}
  m_Name: 
  m_EditorClassIdentifier: 
  _Container: {fileID: 6727932968013086144}
  _Prefab: {fileID: 7445047011901471495, guid: f920196e86fa5a94e812d12993114325, type: 3}
--- !u!114 &2600475756609095776
MonoBehaviour:
  m_ObjectHideFlags: 0
  m_CorrespondingSourceObject: {fileID: 0}
  m_PrefabInstance: {fileID: 0}
  m_PrefabAsset: {fileID: 0}
  m_GameObject: {fileID: 1587855356870199178}
  m_Enabled: 1
  m_EditorHideFlags: 0
  m_Script: {fileID: 11500000, guid: d12afce880704483907534dce5d9a20b, type: 3}
  m_Name: 
  m_EditorClassIdentifier: 
--- !u!1 &5516332165188979882
GameObject:
  m_ObjectHideFlags: 0
  m_CorrespondingSourceObject: {fileID: 0}
  m_PrefabInstance: {fileID: 0}
  m_PrefabAsset: {fileID: 0}
  serializedVersion: 6
  m_Component:
  - component: {fileID: 5886601336133432687}
  - component: {fileID: 2859401021565149284}
  m_Layer: 5
  m_Name: BottomButtons
  m_TagString: Untagged
  m_Icon: {fileID: 0}
  m_NavMeshLayer: 0
  m_StaticEditorFlags: 0
  m_IsActive: 1
--- !u!224 &5886601336133432687
RectTransform:
  m_ObjectHideFlags: 0
  m_CorrespondingSourceObject: {fileID: 0}
  m_PrefabInstance: {fileID: 0}
  m_PrefabAsset: {fileID: 0}
  m_GameObject: {fileID: 5516332165188979882}
  m_LocalRotation: {x: 0, y: 0, z: 0, w: 1}
  m_LocalPosition: {x: 0, y: 0, z: 0}
  m_LocalScale: {x: 1, y: 1, z: 1}
  m_Children:
  - {fileID: 2013908283077107495}
  - {fileID: 6927283088098326165}
  - {fileID: 6906033903107325916}
  - {fileID: 3304053715720452267}
  m_Father: {fileID: 6638128402191584844}
  m_RootOrder: 5
  m_LocalEulerAnglesHint: {x: 0, y: 0, z: 0}
  m_AnchorMin: {x: 0, y: 0}
  m_AnchorMax: {x: 1, y: 0}
  m_AnchoredPosition: {x: 0, y: 100}
  m_SizeDelta: {x: 0, y: 220}
  m_Pivot: {x: 0.5, y: 0}
--- !u!114 &2859401021565149284
MonoBehaviour:
  m_ObjectHideFlags: 0
  m_CorrespondingSourceObject: {fileID: 0}
  m_PrefabInstance: {fileID: 0}
  m_PrefabAsset: {fileID: 0}
  m_GameObject: {fileID: 5516332165188979882}
  m_Enabled: 1
  m_EditorHideFlags: 0
  m_Script: {fileID: 11500000, guid: 30649d3a9faa99c48a7b1166b86bf2a0, type: 3}
  m_Name: 
  m_EditorClassIdentifier: 
  m_Padding:
    m_Left: 0
    m_Right: 0
    m_Top: 0
    m_Bottom: 0
  m_ChildAlignment: 4
  m_Spacing: 20
  m_ChildForceExpandWidth: 0
  m_ChildForceExpandHeight: 1
  m_ChildControlWidth: 0
  m_ChildControlHeight: 0
  m_ChildScaleWidth: 1
  m_ChildScaleHeight: 1
  m_ReverseArrangement: 0
--- !u!114 &5691951878258029073
MonoBehaviour:
  m_ObjectHideFlags: 0
  m_CorrespondingSourceObject: {fileID: 0}
  m_PrefabInstance: {fileID: 0}
  m_PrefabAsset: {fileID: 0}
  m_GameObject: {fileID: 787462174749894386}
  m_Enabled: 1
  m_EditorHideFlags: 0
  m_Script: {fileID: 11500000, guid: 9af626703f87423e9aad70ff4fe94edb, type: 3}
  m_Name: 
  m_EditorClassIdentifier: 
--- !u!114 &5550706343475531247
MonoBehaviour:
  m_ObjectHideFlags: 0
  m_CorrespondingSourceObject: {fileID: 0}
  m_PrefabInstance: {fileID: 0}
  m_PrefabAsset: {fileID: 0}
  m_GameObject: {fileID: 4819128756333049719}
  m_Enabled: 1
  m_EditorHideFlags: 0
  m_Script: {fileID: 11500000, guid: 662b4c536ea3a854aa73d2d8795b2594, type: 3}
  m_Name: 
  m_EditorClassIdentifier: 
--- !u!1 &8648136371926493791
GameObject:
  m_ObjectHideFlags: 0
  m_CorrespondingSourceObject: {fileID: 0}
  m_PrefabInstance: {fileID: 0}
  m_PrefabAsset: {fileID: 0}
  serializedVersion: 6
  m_Component:
  - component: {fileID: 6727932968013086144}
  - component: {fileID: 5015026583124994049}
  m_Layer: 5
  m_Name: Buttons
  m_TagString: Untagged
  m_Icon: {fileID: 0}
  m_NavMeshLayer: 0
  m_StaticEditorFlags: 0
  m_IsActive: 1
--- !u!224 &6727932968013086144
RectTransform:
  m_ObjectHideFlags: 0
  m_CorrespondingSourceObject: {fileID: 0}
  m_PrefabInstance: {fileID: 0}
  m_PrefabAsset: {fileID: 0}
  m_GameObject: {fileID: 8648136371926493791}
  m_LocalRotation: {x: 0, y: 0, z: 0, w: 1}
  m_LocalPosition: {x: 0, y: 0, z: 0}
  m_LocalScale: {x: 1, y: 1, z: 1}
  m_Children: []
  m_Father: {fileID: 8298100593441861407}
  m_RootOrder: 1
  m_LocalEulerAnglesHint: {x: 0, y: 0, z: 0}
  m_AnchorMin: {x: 0, y: 0}
  m_AnchorMax: {x: 1, y: 1}
  m_AnchoredPosition: {x: 0, y: -60}
  m_SizeDelta: {x: 0, y: -120}
  m_Pivot: {x: 0.5, y: 0.5}
--- !u!114 &5015026583124994049
MonoBehaviour:
  m_ObjectHideFlags: 0
  m_CorrespondingSourceObject: {fileID: 0}
  m_PrefabInstance: {fileID: 0}
  m_PrefabAsset: {fileID: 0}
  m_GameObject: {fileID: 8648136371926493791}
  m_Enabled: 1
  m_EditorHideFlags: 0
  m_Script: {fileID: 11500000, guid: 8a8695521f0d02e499659fee002a26c2, type: 3}
  m_Name: 
  m_EditorClassIdentifier: 
  m_Padding:
    m_Left: 0
    m_Right: 0
    m_Top: 0
    m_Bottom: 0
  m_ChildAlignment: 1
  m_StartCorner: 0
  m_StartAxis: 0
  m_CellSize: {x: 180, y: 180}
  m_Spacing: {x: 10, y: 10}
  m_Constraint: 0
  m_ConstraintCount: 2
--- !u!114 &5965411608181623024
MonoBehaviour:
  m_ObjectHideFlags: 0
  m_CorrespondingSourceObject: {fileID: 0}
  m_PrefabInstance: {fileID: 0}
  m_PrefabAsset: {fileID: 0}
  m_GameObject: {fileID: 3311974609847142722}
  m_Enabled: 1
  m_EditorHideFlags: 0
  m_Script: {fileID: 11500000, guid: 08da9c8d886642d49f19d2363387d0fc, type: 3}
  m_Name: 
  m_EditorClassIdentifier: 
--- !u!1 &9127368808898962977
GameObject:
  m_ObjectHideFlags: 0
  m_CorrespondingSourceObject: {fileID: 0}
  m_PrefabInstance: {fileID: 0}
  m_PrefabAsset: {fileID: 0}
  serializedVersion: 6
  m_Component:
  - component: {fileID: 2166120630065491692}
  - component: {fileID: 3340903418013558833}
  - component: {fileID: 5882408119748252242}
  - component: {fileID: 5560333573932053773}
  - component: {fileID: 7459716707173958103}
  - component: {fileID: 251476808239334879}
  m_Layer: 5
  m_Name: Header
  m_TagString: Untagged
  m_Icon: {fileID: 0}
  m_NavMeshLayer: 0
  m_StaticEditorFlags: 0
  m_IsActive: 1
--- !u!224 &2166120630065491692
RectTransform:
  m_ObjectHideFlags: 0
  m_CorrespondingSourceObject: {fileID: 0}
  m_PrefabInstance: {fileID: 0}
  m_PrefabAsset: {fileID: 0}
  m_GameObject: {fileID: 9127368808898962977}
  m_LocalRotation: {x: 0, y: 0, z: 0, w: 1}
  m_LocalPosition: {x: 0, y: 0, z: 0}
  m_LocalScale: {x: 1, y: 1, z: 1}
  m_Children: []
  m_Father: {fileID: 8298100593441861407}
  m_RootOrder: 0
  m_LocalEulerAnglesHint: {x: 0, y: 0, z: 0}
  m_AnchorMin: {x: 0, y: 1}
  m_AnchorMax: {x: 1, y: 1}
  m_AnchoredPosition: {x: 0, y: 0}
  m_SizeDelta: {x: 0, y: 120}
  m_Pivot: {x: 0.5, y: 1}
--- !u!222 &3340903418013558833
CanvasRenderer:
  m_ObjectHideFlags: 0
  m_CorrespondingSourceObject: {fileID: 0}
  m_PrefabInstance: {fileID: 0}
  m_PrefabAsset: {fileID: 0}
  m_GameObject: {fileID: 9127368808898962977}
  m_CullTransparentMesh: 0
--- !u!114 &5882408119748252242
MonoBehaviour:
  m_ObjectHideFlags: 0
  m_CorrespondingSourceObject: {fileID: 0}
  m_PrefabInstance: {fileID: 0}
  m_PrefabAsset: {fileID: 0}
  m_GameObject: {fileID: 9127368808898962977}
  m_Enabled: 1
  m_EditorHideFlags: 0
  m_Script: {fileID: 11500000, guid: f4688fdb7df04437aeb418b961361dc5, type: 3}
  m_Name: 
  m_EditorClassIdentifier: 
  m_Material: {fileID: 0}
  m_Color: {r: 1, g: 1, b: 1, a: 1}
  m_RaycastTarget: 0
  m_RaycastPadding: {x: 0, y: 0, z: 0, w: 0}
  m_Maskable: 0
  m_OnCullStateChanged:
    m_PersistentCalls:
      m_Calls: []
  m_text: Language
  m_isRightToLeft: 0
  m_fontAsset: {fileID: 11400000, guid: 0d46cf1a2a3a23b45920089efb62e936, type: 2}
  m_sharedMaterial: {fileID: -784848525983166014, guid: 0d46cf1a2a3a23b45920089efb62e936,
    type: 2}
  m_fontSharedMaterials: []
  m_fontMaterial: {fileID: 0}
  m_fontMaterials: []
  m_fontColor32:
    serializedVersion: 2
    rgba: 4294967295
  m_fontColor: {r: 1, g: 1, b: 1, a: 1}
  m_enableVertexGradient: 0
  m_colorMode: 3
  m_fontColorGradient:
    topLeft: {r: 1, g: 1, b: 1, a: 1}
    topRight: {r: 1, g: 1, b: 1, a: 1}
    bottomLeft: {r: 1, g: 1, b: 1, a: 1}
    bottomRight: {r: 1, g: 1, b: 1, a: 1}
  m_fontColorGradientPreset: {fileID: 0}
  m_spriteAsset: {fileID: 0}
  m_tintAllSprites: 0
  m_StyleSheet: {fileID: 0}
  m_TextStyleHashCode: -1183493901
  m_overrideHtmlColors: 0
  m_faceColor:
    serializedVersion: 2
    rgba: 4294967295
  m_fontSize: 72
  m_fontSizeBase: 36
  m_fontWeight: 400
  m_enableAutoSizing: 1
  m_fontSizeMin: 18
  m_fontSizeMax: 72
  m_fontStyle: 33
  m_HorizontalAlignment: 2
  m_VerticalAlignment: 512
  m_textAlignment: 65535
  m_characterSpacing: 0
  m_wordSpacing: 0
  m_lineSpacing: 0
  m_lineSpacingMax: 0
  m_paragraphSpacing: 0
  m_charWidthMaxAdj: 0
  m_enableWordWrapping: 0
  m_wordWrappingRatios: 0.4
  m_overflowMode: 0
  m_linkedTextComponent: {fileID: 0}
  parentLinkedComponent: {fileID: 0}
  m_enableKerning: 1
  m_enableExtraPadding: 0
  checkPaddingRequired: 0
  m_isRichText: 1
  m_parseCtrlCharacters: 1
  m_isOrthographic: 1
  m_isCullingEnabled: 0
  m_horizontalMapping: 0
  m_verticalMapping: 0
  m_uvLineOffset: 0
  m_geometrySortingOrder: 0
  m_IsTextObjectScaleStatic: 0
  m_VertexBufferAutoSizeReduction: 1
  m_useMaxVisibleDescender: 1
  m_pageToDisplay: 1
  m_margin: {x: 0, y: 0, z: 0, w: 0}
  m_isUsingLegacyAnimationComponent: 0
  m_isVolumetricText: 0
  m_hasFontAssetChanged: 0
  m_baseMaterial: {fileID: 0}
  m_maskOffset: {x: 0, y: 0, z: 0, w: 0}
--- !u!114 &5560333573932053773
MonoBehaviour:
  m_ObjectHideFlags: 0
  m_CorrespondingSourceObject: {fileID: 0}
  m_PrefabInstance: {fileID: 0}
  m_PrefabAsset: {fileID: 0}
  m_GameObject: {fileID: 9127368808898962977}
  m_Enabled: 1
  m_EditorHideFlags: 0
  m_Script: {fileID: 11500000, guid: 512d7c5a36d89834f91812ffe427236b, type: 3}
  m_Name: 
  m_EditorClassIdentifier: 
--- !u!114 &7459716707173958103
MonoBehaviour:
  m_ObjectHideFlags: 0
  m_CorrespondingSourceObject: {fileID: 0}
  m_PrefabInstance: {fileID: 0}
  m_PrefabAsset: {fileID: 0}
  m_GameObject: {fileID: 9127368808898962977}
  m_Enabled: 1
  m_EditorHideFlags: 0
  m_Script: {fileID: 11500000, guid: 25d03c73cebc4190867e5083b71b4779, type: 3}
  m_Name: 
  m_EditorClassIdentifier: 
  _OverrideLocalization: 0
  _OverridedLocalization: 10
  _Key: settings.lang
  _Uppercase: 0
--- !u!114 &251476808239334879
MonoBehaviour:
  m_ObjectHideFlags: 0
  m_CorrespondingSourceObject: {fileID: 0}
  m_PrefabInstance: {fileID: 0}
  m_PrefabAsset: {fileID: 0}
  m_GameObject: {fileID: 9127368808898962977}
  m_Enabled: 1
  m_EditorHideFlags: 0
  m_Script: {fileID: 11500000, guid: b75a7b994ec64435bb8d7a7a2b468953, type: 3}
  m_Name: 
  m_EditorClassIdentifier: 
  _OverrideLocalization: 0
  _OverridedLocalization: 10
--- !u!1001 &1734485535727309095
PrefabInstance:
  m_ObjectHideFlags: 0
  serializedVersion: 2
  m_Modification:
    m_TransformParent: {fileID: 5886601336133432687}
    m_Modifications:
    - target: {fileID: 2387660797827436514, guid: 5ebe19e1126b3574e98887123bd00b6a,
        type: 3}
      propertyPath: m_Name
      value: ShareButton
      objectReference: {fileID: 0}
    - target: {fileID: 2517577796457958048, guid: 5ebe19e1126b3574e98887123bd00b6a,
        type: 3}
      propertyPath: m_Sprite
      value: 
      objectReference: {fileID: 21300000, guid: e054aec88f14b8547a03b500bb3a8f36,
        type: 3}
    - target: {fileID: 8660569570962024370, guid: 5ebe19e1126b3574e98887123bd00b6a,
        type: 3}
      propertyPath: m_Pivot.x
      value: 0.5
      objectReference: {fileID: 0}
    - target: {fileID: 8660569570962024370, guid: 5ebe19e1126b3574e98887123bd00b6a,
        type: 3}
      propertyPath: m_Pivot.y
      value: 0.5
      objectReference: {fileID: 0}
    - target: {fileID: 8660569570962024370, guid: 5ebe19e1126b3574e98887123bd00b6a,
        type: 3}
      propertyPath: m_RootOrder
      value: 1
      objectReference: {fileID: 0}
    - target: {fileID: 8660569570962024370, guid: 5ebe19e1126b3574e98887123bd00b6a,
        type: 3}
      propertyPath: m_AnchorMax.x
      value: 0
      objectReference: {fileID: 0}
    - target: {fileID: 8660569570962024370, guid: 5ebe19e1126b3574e98887123bd00b6a,
        type: 3}
      propertyPath: m_AnchorMax.y
      value: 0
      objectReference: {fileID: 0}
    - target: {fileID: 8660569570962024370, guid: 5ebe19e1126b3574e98887123bd00b6a,
        type: 3}
      propertyPath: m_AnchorMin.x
      value: 0
      objectReference: {fileID: 0}
    - target: {fileID: 8660569570962024370, guid: 5ebe19e1126b3574e98887123bd00b6a,
        type: 3}
      propertyPath: m_AnchorMin.y
      value: 0
      objectReference: {fileID: 0}
    - target: {fileID: 8660569570962024370, guid: 5ebe19e1126b3574e98887123bd00b6a,
        type: 3}
      propertyPath: m_SizeDelta.x
      value: 200
      objectReference: {fileID: 0}
    - target: {fileID: 8660569570962024370, guid: 5ebe19e1126b3574e98887123bd00b6a,
        type: 3}
      propertyPath: m_SizeDelta.y
      value: 200
      objectReference: {fileID: 0}
    - target: {fileID: 8660569570962024370, guid: 5ebe19e1126b3574e98887123bd00b6a,
        type: 3}
      propertyPath: m_LocalPosition.x
      value: 0
      objectReference: {fileID: 0}
    - target: {fileID: 8660569570962024370, guid: 5ebe19e1126b3574e98887123bd00b6a,
        type: 3}
      propertyPath: m_LocalPosition.y
      value: 0
      objectReference: {fileID: 0}
    - target: {fileID: 8660569570962024370, guid: 5ebe19e1126b3574e98887123bd00b6a,
        type: 3}
      propertyPath: m_LocalPosition.z
      value: 0
      objectReference: {fileID: 0}
    - target: {fileID: 8660569570962024370, guid: 5ebe19e1126b3574e98887123bd00b6a,
        type: 3}
      propertyPath: m_LocalRotation.w
      value: 1
      objectReference: {fileID: 0}
    - target: {fileID: 8660569570962024370, guid: 5ebe19e1126b3574e98887123bd00b6a,
        type: 3}
      propertyPath: m_LocalRotation.x
      value: 0
      objectReference: {fileID: 0}
    - target: {fileID: 8660569570962024370, guid: 5ebe19e1126b3574e98887123bd00b6a,
        type: 3}
      propertyPath: m_LocalRotation.y
      value: 0
      objectReference: {fileID: 0}
    - target: {fileID: 8660569570962024370, guid: 5ebe19e1126b3574e98887123bd00b6a,
        type: 3}
      propertyPath: m_LocalRotation.z
      value: 0
      objectReference: {fileID: 0}
    - target: {fileID: 8660569570962024370, guid: 5ebe19e1126b3574e98887123bd00b6a,
        type: 3}
      propertyPath: m_AnchoredPosition.x
      value: 0
      objectReference: {fileID: 0}
    - target: {fileID: 8660569570962024370, guid: 5ebe19e1126b3574e98887123bd00b6a,
        type: 3}
      propertyPath: m_AnchoredPosition.y
      value: 0
      objectReference: {fileID: 0}
    - target: {fileID: 8660569570962024370, guid: 5ebe19e1126b3574e98887123bd00b6a,
        type: 3}
      propertyPath: m_LocalEulerAnglesHint.x
      value: 0
      objectReference: {fileID: 0}
    - target: {fileID: 8660569570962024370, guid: 5ebe19e1126b3574e98887123bd00b6a,
        type: 3}
      propertyPath: m_LocalEulerAnglesHint.y
      value: 0
      objectReference: {fileID: 0}
    - target: {fileID: 8660569570962024370, guid: 5ebe19e1126b3574e98887123bd00b6a,
        type: 3}
      propertyPath: m_LocalEulerAnglesHint.z
      value: 0
      objectReference: {fileID: 0}
    m_RemovedComponents: []
  m_SourcePrefab: {fileID: 100100000, guid: 5ebe19e1126b3574e98887123bd00b6a, type: 3}
--- !u!224 &6927283088098326165 stripped
RectTransform:
  m_CorrespondingSourceObject: {fileID: 8660569570962024370, guid: 5ebe19e1126b3574e98887123bd00b6a,
    type: 3}
  m_PrefabInstance: {fileID: 1734485535727309095}
  m_PrefabAsset: {fileID: 0}
--- !u!1001 &2305657942146679700
PrefabInstance:
  m_ObjectHideFlags: 0
  serializedVersion: 2
  m_Modification:
    m_TransformParent: {fileID: 6638128402191584844}
    m_Modifications:
    - target: {fileID: 4199704840471498110, guid: 0abce3e1005990f438120e3e7218b354,
        type: 3}
      propertyPath: m_Pivot.x
      value: 0.5
      objectReference: {fileID: 0}
    - target: {fileID: 4199704840471498110, guid: 0abce3e1005990f438120e3e7218b354,
        type: 3}
      propertyPath: m_Pivot.y
      value: 0.5
      objectReference: {fileID: 0}
    - target: {fileID: 4199704840471498110, guid: 0abce3e1005990f438120e3e7218b354,
        type: 3}
      propertyPath: m_RootOrder
      value: 1
      objectReference: {fileID: 0}
    - target: {fileID: 4199704840471498110, guid: 0abce3e1005990f438120e3e7218b354,
        type: 3}
      propertyPath: m_AnchorMax.x
      value: 1
      objectReference: {fileID: 0}
    - target: {fileID: 4199704840471498110, guid: 0abce3e1005990f438120e3e7218b354,
        type: 3}
      propertyPath: m_AnchorMax.y
      value: 1
      objectReference: {fileID: 0}
    - target: {fileID: 4199704840471498110, guid: 0abce3e1005990f438120e3e7218b354,
        type: 3}
      propertyPath: m_AnchorMin.x
      value: 1
      objectReference: {fileID: 0}
    - target: {fileID: 4199704840471498110, guid: 0abce3e1005990f438120e3e7218b354,
        type: 3}
      propertyPath: m_AnchorMin.y
      value: 1
      objectReference: {fileID: 0}
    - target: {fileID: 4199704840471498110, guid: 0abce3e1005990f438120e3e7218b354,
        type: 3}
      propertyPath: m_SizeDelta.x
      value: 200
      objectReference: {fileID: 0}
    - target: {fileID: 4199704840471498110, guid: 0abce3e1005990f438120e3e7218b354,
        type: 3}
      propertyPath: m_SizeDelta.y
      value: 200
      objectReference: {fileID: 0}
    - target: {fileID: 4199704840471498110, guid: 0abce3e1005990f438120e3e7218b354,
        type: 3}
      propertyPath: m_LocalPosition.x
      value: 0
      objectReference: {fileID: 0}
    - target: {fileID: 4199704840471498110, guid: 0abce3e1005990f438120e3e7218b354,
        type: 3}
      propertyPath: m_LocalPosition.y
      value: 0
      objectReference: {fileID: 0}
    - target: {fileID: 4199704840471498110, guid: 0abce3e1005990f438120e3e7218b354,
        type: 3}
      propertyPath: m_LocalPosition.z
      value: 0
      objectReference: {fileID: 0}
    - target: {fileID: 4199704840471498110, guid: 0abce3e1005990f438120e3e7218b354,
        type: 3}
      propertyPath: m_LocalRotation.w
      value: 1
      objectReference: {fileID: 0}
    - target: {fileID: 4199704840471498110, guid: 0abce3e1005990f438120e3e7218b354,
        type: 3}
      propertyPath: m_LocalRotation.x
      value: 0
      objectReference: {fileID: 0}
    - target: {fileID: 4199704840471498110, guid: 0abce3e1005990f438120e3e7218b354,
        type: 3}
      propertyPath: m_LocalRotation.y
      value: 0
      objectReference: {fileID: 0}
    - target: {fileID: 4199704840471498110, guid: 0abce3e1005990f438120e3e7218b354,
        type: 3}
      propertyPath: m_LocalRotation.z
      value: 0
      objectReference: {fileID: 0}
    - target: {fileID: 4199704840471498110, guid: 0abce3e1005990f438120e3e7218b354,
        type: 3}
      propertyPath: m_AnchoredPosition.x
      value: -150
      objectReference: {fileID: 0}
    - target: {fileID: 4199704840471498110, guid: 0abce3e1005990f438120e3e7218b354,
        type: 3}
      propertyPath: m_AnchoredPosition.y
      value: -150
      objectReference: {fileID: 0}
    - target: {fileID: 4199704840471498110, guid: 0abce3e1005990f438120e3e7218b354,
        type: 3}
      propertyPath: m_LocalEulerAnglesHint.x
      value: 0
      objectReference: {fileID: 0}
    - target: {fileID: 4199704840471498110, guid: 0abce3e1005990f438120e3e7218b354,
        type: 3}
      propertyPath: m_LocalEulerAnglesHint.y
      value: 0
      objectReference: {fileID: 0}
    - target: {fileID: 4199704840471498110, guid: 0abce3e1005990f438120e3e7218b354,
        type: 3}
      propertyPath: m_LocalEulerAnglesHint.z
      value: 0
      objectReference: {fileID: 0}
    - target: {fileID: 4291361161231906389, guid: 0abce3e1005990f438120e3e7218b354,
        type: 3}
      propertyPath: m_OnClick.m_PersistentCalls.m_Calls.Array.data[1].m_Target
      value: 
      objectReference: {fileID: 7447904930943345629}
    - target: {fileID: 7159161786784294190, guid: 0abce3e1005990f438120e3e7218b354,
        type: 3}
      propertyPath: m_Name
      value: CloseButton
      objectReference: {fileID: 0}
    m_RemovedComponents: []
  m_SourcePrefab: {fileID: 100100000, guid: 0abce3e1005990f438120e3e7218b354, type: 3}
--- !u!114 &3268013669262714334 stripped
MonoBehaviour:
  m_CorrespondingSourceObject: {fileID: 3649330428767135306, guid: 0abce3e1005990f438120e3e7218b354,
    type: 3}
  m_PrefabInstance: {fileID: 2305657942146679700}
  m_PrefabAsset: {fileID: 0}
  m_GameObject: {fileID: 0}
  m_Enabled: 1
  m_EditorHideFlags: 0
  m_Script: {fileID: 11500000, guid: 55fcd4373c7e4cecb12e7676232c919a, type: 3}
  m_Name: 
  m_EditorClassIdentifier: 
--- !u!1001 &2356815651640924540
PrefabInstance:
  m_ObjectHideFlags: 0
  serializedVersion: 2
  m_Modification:
    m_TransformParent: {fileID: 401797765004298872}
    m_Modifications:
    - target: {fileID: 615195265872949774, guid: 80bf44169ef4eb04b852f3295d20d5f1,
        type: 3}
      propertyPath: m_Pivot.x
      value: 0.5
      objectReference: {fileID: 0}
    - target: {fileID: 615195265872949774, guid: 80bf44169ef4eb04b852f3295d20d5f1,
        type: 3}
      propertyPath: m_Pivot.y
      value: 0.5
      objectReference: {fileID: 0}
    - target: {fileID: 615195265872949774, guid: 80bf44169ef4eb04b852f3295d20d5f1,
        type: 3}
      propertyPath: m_RootOrder
      value: 0
      objectReference: {fileID: 0}
    - target: {fileID: 615195265872949774, guid: 80bf44169ef4eb04b852f3295d20d5f1,
        type: 3}
      propertyPath: m_AnchorMax.x
      value: 0
      objectReference: {fileID: 0}
    - target: {fileID: 615195265872949774, guid: 80bf44169ef4eb04b852f3295d20d5f1,
        type: 3}
      propertyPath: m_AnchorMax.y
      value: 0
      objectReference: {fileID: 0}
    - target: {fileID: 615195265872949774, guid: 80bf44169ef4eb04b852f3295d20d5f1,
        type: 3}
      propertyPath: m_AnchorMin.x
      value: 0
      objectReference: {fileID: 0}
    - target: {fileID: 615195265872949774, guid: 80bf44169ef4eb04b852f3295d20d5f1,
        type: 3}
      propertyPath: m_AnchorMin.y
      value: 0
      objectReference: {fileID: 0}
    - target: {fileID: 615195265872949774, guid: 80bf44169ef4eb04b852f3295d20d5f1,
        type: 3}
      propertyPath: m_LocalPosition.x
      value: 0
      objectReference: {fileID: 0}
    - target: {fileID: 615195265872949774, guid: 80bf44169ef4eb04b852f3295d20d5f1,
        type: 3}
      propertyPath: m_LocalPosition.y
      value: 0
      objectReference: {fileID: 0}
    - target: {fileID: 615195265872949774, guid: 80bf44169ef4eb04b852f3295d20d5f1,
        type: 3}
      propertyPath: m_LocalPosition.z
      value: 0
      objectReference: {fileID: 0}
    - target: {fileID: 615195265872949774, guid: 80bf44169ef4eb04b852f3295d20d5f1,
        type: 3}
      propertyPath: m_LocalRotation.w
      value: 1
      objectReference: {fileID: 0}
    - target: {fileID: 615195265872949774, guid: 80bf44169ef4eb04b852f3295d20d5f1,
        type: 3}
      propertyPath: m_LocalRotation.x
      value: -0
      objectReference: {fileID: 0}
    - target: {fileID: 615195265872949774, guid: 80bf44169ef4eb04b852f3295d20d5f1,
        type: 3}
      propertyPath: m_LocalRotation.y
      value: -0
      objectReference: {fileID: 0}
    - target: {fileID: 615195265872949774, guid: 80bf44169ef4eb04b852f3295d20d5f1,
        type: 3}
      propertyPath: m_LocalRotation.z
      value: -0
      objectReference: {fileID: 0}
    - target: {fileID: 615195265872949774, guid: 80bf44169ef4eb04b852f3295d20d5f1,
        type: 3}
      propertyPath: m_AnchoredPosition.x
      value: 0
      objectReference: {fileID: 0}
    - target: {fileID: 615195265872949774, guid: 80bf44169ef4eb04b852f3295d20d5f1,
        type: 3}
      propertyPath: m_AnchoredPosition.y
      value: 0
      objectReference: {fileID: 0}
    - target: {fileID: 615195265872949774, guid: 80bf44169ef4eb04b852f3295d20d5f1,
        type: 3}
      propertyPath: m_LocalEulerAnglesHint.x
      value: 0
      objectReference: {fileID: 0}
    - target: {fileID: 615195265872949774, guid: 80bf44169ef4eb04b852f3295d20d5f1,
        type: 3}
      propertyPath: m_LocalEulerAnglesHint.y
      value: 0
      objectReference: {fileID: 0}
    - target: {fileID: 615195265872949774, guid: 80bf44169ef4eb04b852f3295d20d5f1,
        type: 3}
      propertyPath: m_LocalEulerAnglesHint.z
      value: 0
      objectReference: {fileID: 0}
    - target: {fileID: 5723040675150047823, guid: 80bf44169ef4eb04b852f3295d20d5f1,
        type: 3}
      propertyPath: m_Sprite
      value: 
      objectReference: {fileID: 21300000, guid: d80701e7b99d4b341bbe59bdc5dba662,
        type: 3}
    - target: {fileID: 5880494048334387806, guid: 80bf44169ef4eb04b852f3295d20d5f1,
        type: 3}
      propertyPath: m_Name
      value: MusicSwitch
      objectReference: {fileID: 0}
    - target: {fileID: 8850295595337599425, guid: 80bf44169ef4eb04b852f3295d20d5f1,
        type: 3}
      propertyPath: _OnImage
      value: 
      objectReference: {fileID: 21300000, guid: 394986fcdb4356a4383134bee7215134,
        type: 3}
    - target: {fileID: 8850295595337599425, guid: 80bf44169ef4eb04b852f3295d20d5f1,
        type: 3}
      propertyPath: _OffImage
      value: 
      objectReference: {fileID: 21300000, guid: d80701e7b99d4b341bbe59bdc5dba662,
        type: 3}
    - target: {fileID: 8850295595337599425, guid: 80bf44169ef4eb04b852f3295d20d5f1,
        type: 3}
      propertyPath: _SwitchOn
      value: 0
      objectReference: {fileID: 0}
    - target: {fileID: 8850295595337599425, guid: 80bf44169ef4eb04b852f3295d20d5f1,
        type: 3}
      propertyPath: _TargetChangedImage
      value: 
      objectReference: {fileID: 8059548278134240051}
    m_RemovedComponents: []
  m_SourcePrefab: {fileID: 100100000, guid: 80bf44169ef4eb04b852f3295d20d5f1, type: 3}
--- !u!114 &8059548278134240051 stripped
MonoBehaviour:
  m_CorrespondingSourceObject: {fileID: 5723040675150047823, guid: 80bf44169ef4eb04b852f3295d20d5f1,
    type: 3}
  m_PrefabInstance: {fileID: 2356815651640924540}
  m_PrefabAsset: {fileID: 0}
  m_GameObject: {fileID: 0}
  m_Enabled: 1
  m_EditorHideFlags: 0
  m_Script: {fileID: 11500000, guid: fe87c0e1cc204ed48ad3b37840f39efc, type: 3}
  m_Name: 
  m_EditorClassIdentifier: 
--- !u!224 &2899345696164981618 stripped
RectTransform:
  m_CorrespondingSourceObject: {fileID: 615195265872949774, guid: 80bf44169ef4eb04b852f3295d20d5f1,
    type: 3}
  m_PrefabInstance: {fileID: 2356815651640924540}
  m_PrefabAsset: {fileID: 0}
--- !u!1 &8155633509363761954 stripped
GameObject:
  m_CorrespondingSourceObject: {fileID: 5880494048334387806, guid: 80bf44169ef4eb04b852f3295d20d5f1,
    type: 3}
  m_PrefabInstance: {fileID: 2356815651640924540}
  m_PrefabAsset: {fileID: 0}
--- !u!1001 &2751100921493501971
PrefabInstance:
  m_ObjectHideFlags: 0
  serializedVersion: 2
  m_Modification:
    m_TransformParent: {fileID: 6638128402191584844}
    m_Modifications:
    - target: {fileID: 8500192206423007, guid: 273bb7b2eabb6c94b84662b9893190d2, type: 3}
      propertyPath: m_fontSize
      value: 41.8
      objectReference: {fileID: 0}
    - target: {fileID: 8500192206423007, guid: 273bb7b2eabb6c94b84662b9893190d2, type: 3}
      propertyPath: m_textInfo.lineCount
      value: 1
      objectReference: {fileID: 0}
    - target: {fileID: 8500192206423007, guid: 273bb7b2eabb6c94b84662b9893190d2, type: 3}
      propertyPath: m_textInfo.pageCount
      value: 1
      objectReference: {fileID: 0}
    - target: {fileID: 8500192206423007, guid: 273bb7b2eabb6c94b84662b9893190d2, type: 3}
      propertyPath: m_textInfo.wordCount
      value: 2
      objectReference: {fileID: 0}
    - target: {fileID: 8500192206423007, guid: 273bb7b2eabb6c94b84662b9893190d2, type: 3}
      propertyPath: m_textInfo.spaceCount
      value: 1
      objectReference: {fileID: 0}
    - target: {fileID: 8500192206423007, guid: 273bb7b2eabb6c94b84662b9893190d2, type: 3}
      propertyPath: m_textInfo.characterCount
      value: 7
      objectReference: {fileID: 0}
    - target: {fileID: 114857708981760336, guid: 273bb7b2eabb6c94b84662b9893190d2,
        type: 3}
      propertyPath: m_Name
      value: GPServiceButton Variant
      objectReference: {fileID: 0}
    - target: {fileID: 6379951961555097856, guid: 273bb7b2eabb6c94b84662b9893190d2,
        type: 3}
      propertyPath: m_Pivot.x
      value: 0.5
      objectReference: {fileID: 0}
    - target: {fileID: 6379951961555097856, guid: 273bb7b2eabb6c94b84662b9893190d2,
        type: 3}
      propertyPath: m_Pivot.y
      value: 0.5
      objectReference: {fileID: 0}
    - target: {fileID: 6379951961555097856, guid: 273bb7b2eabb6c94b84662b9893190d2,
        type: 3}
      propertyPath: m_RootOrder
      value: 3
      objectReference: {fileID: 0}
    - target: {fileID: 6379951961555097856, guid: 273bb7b2eabb6c94b84662b9893190d2,
        type: 3}
      propertyPath: m_AnchorMax.x
      value: 0.5
      objectReference: {fileID: 0}
    - target: {fileID: 6379951961555097856, guid: 273bb7b2eabb6c94b84662b9893190d2,
        type: 3}
      propertyPath: m_AnchorMax.y
      value: 0.5
      objectReference: {fileID: 0}
    - target: {fileID: 6379951961555097856, guid: 273bb7b2eabb6c94b84662b9893190d2,
        type: 3}
      propertyPath: m_AnchorMin.x
      value: 0.5
      objectReference: {fileID: 0}
    - target: {fileID: 6379951961555097856, guid: 273bb7b2eabb6c94b84662b9893190d2,
        type: 3}
      propertyPath: m_AnchorMin.y
      value: 0.5
      objectReference: {fileID: 0}
    - target: {fileID: 6379951961555097856, guid: 273bb7b2eabb6c94b84662b9893190d2,
        type: 3}
      propertyPath: m_SizeDelta.x
      value: 350
      objectReference: {fileID: 0}
    - target: {fileID: 6379951961555097856, guid: 273bb7b2eabb6c94b84662b9893190d2,
        type: 3}
      propertyPath: m_SizeDelta.y
      value: 150
      objectReference: {fileID: 0}
    - target: {fileID: 6379951961555097856, guid: 273bb7b2eabb6c94b84662b9893190d2,
        type: 3}
      propertyPath: m_LocalPosition.x
      value: 0
      objectReference: {fileID: 0}
    - target: {fileID: 6379951961555097856, guid: 273bb7b2eabb6c94b84662b9893190d2,
        type: 3}
      propertyPath: m_LocalPosition.y
      value: 0
      objectReference: {fileID: 0}
    - target: {fileID: 6379951961555097856, guid: 273bb7b2eabb6c94b84662b9893190d2,
        type: 3}
      propertyPath: m_LocalPosition.z
      value: 0
      objectReference: {fileID: 0}
    - target: {fileID: 6379951961555097856, guid: 273bb7b2eabb6c94b84662b9893190d2,
        type: 3}
      propertyPath: m_LocalRotation.w
      value: 1
      objectReference: {fileID: 0}
    - target: {fileID: 6379951961555097856, guid: 273bb7b2eabb6c94b84662b9893190d2,
        type: 3}
      propertyPath: m_LocalRotation.x
      value: 0
      objectReference: {fileID: 0}
    - target: {fileID: 6379951961555097856, guid: 273bb7b2eabb6c94b84662b9893190d2,
        type: 3}
      propertyPath: m_LocalRotation.y
      value: 0
      objectReference: {fileID: 0}
    - target: {fileID: 6379951961555097856, guid: 273bb7b2eabb6c94b84662b9893190d2,
        type: 3}
      propertyPath: m_LocalRotation.z
      value: 0
      objectReference: {fileID: 0}
    - target: {fileID: 6379951961555097856, guid: 273bb7b2eabb6c94b84662b9893190d2,
        type: 3}
      propertyPath: m_AnchoredPosition.x
      value: 0
      objectReference: {fileID: 0}
    - target: {fileID: 6379951961555097856, guid: 273bb7b2eabb6c94b84662b9893190d2,
        type: 3}
      propertyPath: m_AnchoredPosition.y
      value: 80
      objectReference: {fileID: 0}
    - target: {fileID: 6379951961555097856, guid: 273bb7b2eabb6c94b84662b9893190d2,
        type: 3}
      propertyPath: m_LocalEulerAnglesHint.x
      value: 0
      objectReference: {fileID: 0}
    - target: {fileID: 6379951961555097856, guid: 273bb7b2eabb6c94b84662b9893190d2,
        type: 3}
      propertyPath: m_LocalEulerAnglesHint.y
      value: 0
      objectReference: {fileID: 0}
    - target: {fileID: 6379951961555097856, guid: 273bb7b2eabb6c94b84662b9893190d2,
        type: 3}
      propertyPath: m_LocalEulerAnglesHint.z
      value: 0
      objectReference: {fileID: 0}
    m_RemovedComponents: []
  m_SourcePrefab: {fileID: 100100000, guid: 273bb7b2eabb6c94b84662b9893190d2, type: 3}
--- !u!1001 &2875459427735672942
PrefabInstance:
  m_ObjectHideFlags: 0
  serializedVersion: 2
  m_Modification:
    m_TransformParent: {fileID: 5886601336133432687}
    m_Modifications:
    - target: {fileID: 2387660797827436514, guid: 5ebe19e1126b3574e98887123bd00b6a,
        type: 3}
      propertyPath: m_Name
      value: ContactButton
      objectReference: {fileID: 0}
    - target: {fileID: 2517577796457958048, guid: 5ebe19e1126b3574e98887123bd00b6a,
        type: 3}
      propertyPath: m_Sprite
      value: 
      objectReference: {fileID: 21300000, guid: 47fc6e54c4ae3a245832791934d8eab6,
        type: 3}
    - target: {fileID: 8660569570962024370, guid: 5ebe19e1126b3574e98887123bd00b6a,
        type: 3}
      propertyPath: m_Pivot.x
      value: 0.5
      objectReference: {fileID: 0}
    - target: {fileID: 8660569570962024370, guid: 5ebe19e1126b3574e98887123bd00b6a,
        type: 3}
      propertyPath: m_Pivot.y
      value: 0.5
      objectReference: {fileID: 0}
    - target: {fileID: 8660569570962024370, guid: 5ebe19e1126b3574e98887123bd00b6a,
        type: 3}
      propertyPath: m_RootOrder
      value: 2
      objectReference: {fileID: 0}
    - target: {fileID: 8660569570962024370, guid: 5ebe19e1126b3574e98887123bd00b6a,
        type: 3}
      propertyPath: m_AnchorMax.x
      value: 0
      objectReference: {fileID: 0}
    - target: {fileID: 8660569570962024370, guid: 5ebe19e1126b3574e98887123bd00b6a,
        type: 3}
      propertyPath: m_AnchorMax.y
      value: 0
      objectReference: {fileID: 0}
    - target: {fileID: 8660569570962024370, guid: 5ebe19e1126b3574e98887123bd00b6a,
        type: 3}
      propertyPath: m_AnchorMin.x
      value: 0
      objectReference: {fileID: 0}
    - target: {fileID: 8660569570962024370, guid: 5ebe19e1126b3574e98887123bd00b6a,
        type: 3}
      propertyPath: m_AnchorMin.y
      value: 0
      objectReference: {fileID: 0}
    - target: {fileID: 8660569570962024370, guid: 5ebe19e1126b3574e98887123bd00b6a,
        type: 3}
      propertyPath: m_SizeDelta.x
      value: 200
      objectReference: {fileID: 0}
    - target: {fileID: 8660569570962024370, guid: 5ebe19e1126b3574e98887123bd00b6a,
        type: 3}
      propertyPath: m_SizeDelta.y
      value: 200
      objectReference: {fileID: 0}
    - target: {fileID: 8660569570962024370, guid: 5ebe19e1126b3574e98887123bd00b6a,
        type: 3}
      propertyPath: m_LocalPosition.x
      value: 0
      objectReference: {fileID: 0}
    - target: {fileID: 8660569570962024370, guid: 5ebe19e1126b3574e98887123bd00b6a,
        type: 3}
      propertyPath: m_LocalPosition.y
      value: 0
      objectReference: {fileID: 0}
    - target: {fileID: 8660569570962024370, guid: 5ebe19e1126b3574e98887123bd00b6a,
        type: 3}
      propertyPath: m_LocalPosition.z
      value: 0
      objectReference: {fileID: 0}
    - target: {fileID: 8660569570962024370, guid: 5ebe19e1126b3574e98887123bd00b6a,
        type: 3}
      propertyPath: m_LocalRotation.w
      value: 1
      objectReference: {fileID: 0}
    - target: {fileID: 8660569570962024370, guid: 5ebe19e1126b3574e98887123bd00b6a,
        type: 3}
      propertyPath: m_LocalRotation.x
      value: 0
      objectReference: {fileID: 0}
    - target: {fileID: 8660569570962024370, guid: 5ebe19e1126b3574e98887123bd00b6a,
        type: 3}
      propertyPath: m_LocalRotation.y
      value: 0
      objectReference: {fileID: 0}
    - target: {fileID: 8660569570962024370, guid: 5ebe19e1126b3574e98887123bd00b6a,
        type: 3}
      propertyPath: m_LocalRotation.z
      value: 0
      objectReference: {fileID: 0}
    - target: {fileID: 8660569570962024370, guid: 5ebe19e1126b3574e98887123bd00b6a,
        type: 3}
      propertyPath: m_AnchoredPosition.x
      value: 0
      objectReference: {fileID: 0}
    - target: {fileID: 8660569570962024370, guid: 5ebe19e1126b3574e98887123bd00b6a,
        type: 3}
      propertyPath: m_AnchoredPosition.y
      value: 0
      objectReference: {fileID: 0}
    - target: {fileID: 8660569570962024370, guid: 5ebe19e1126b3574e98887123bd00b6a,
        type: 3}
      propertyPath: m_LocalEulerAnglesHint.x
      value: 0
      objectReference: {fileID: 0}
    - target: {fileID: 8660569570962024370, guid: 5ebe19e1126b3574e98887123bd00b6a,
        type: 3}
      propertyPath: m_LocalEulerAnglesHint.y
      value: 0
      objectReference: {fileID: 0}
    - target: {fileID: 8660569570962024370, guid: 5ebe19e1126b3574e98887123bd00b6a,
        type: 3}
      propertyPath: m_LocalEulerAnglesHint.z
      value: 0
      objectReference: {fileID: 0}
    m_RemovedComponents: []
  m_SourcePrefab: {fileID: 100100000, guid: 5ebe19e1126b3574e98887123bd00b6a, type: 3}
--- !u!224 &6906033903107325916 stripped
RectTransform:
  m_CorrespondingSourceObject: {fileID: 8660569570962024370, guid: 5ebe19e1126b3574e98887123bd00b6a,
    type: 3}
  m_PrefabInstance: {fileID: 2875459427735672942}
  m_PrefabAsset: {fileID: 0}
--- !u!1001 &5157329824220847572
PrefabInstance:
  m_ObjectHideFlags: 0
  serializedVersion: 2
  m_Modification:
    m_TransformParent: {fileID: 401797765004298872}
    m_Modifications:
    - target: {fileID: 615195265872949774, guid: 80bf44169ef4eb04b852f3295d20d5f1,
        type: 3}
      propertyPath: m_Pivot.x
      value: 0.5
      objectReference: {fileID: 0}
    - target: {fileID: 615195265872949774, guid: 80bf44169ef4eb04b852f3295d20d5f1,
        type: 3}
      propertyPath: m_Pivot.y
      value: 0.5
      objectReference: {fileID: 0}
    - target: {fileID: 615195265872949774, guid: 80bf44169ef4eb04b852f3295d20d5f1,
        type: 3}
      propertyPath: m_RootOrder
      value: 1
      objectReference: {fileID: 0}
    - target: {fileID: 615195265872949774, guid: 80bf44169ef4eb04b852f3295d20d5f1,
        type: 3}
      propertyPath: m_AnchorMax.x
      value: 0
      objectReference: {fileID: 0}
    - target: {fileID: 615195265872949774, guid: 80bf44169ef4eb04b852f3295d20d5f1,
        type: 3}
      propertyPath: m_AnchorMax.y
      value: 0
      objectReference: {fileID: 0}
    - target: {fileID: 615195265872949774, guid: 80bf44169ef4eb04b852f3295d20d5f1,
        type: 3}
      propertyPath: m_AnchorMin.x
      value: 0
      objectReference: {fileID: 0}
    - target: {fileID: 615195265872949774, guid: 80bf44169ef4eb04b852f3295d20d5f1,
        type: 3}
      propertyPath: m_AnchorMin.y
      value: 0
      objectReference: {fileID: 0}
    - target: {fileID: 615195265872949774, guid: 80bf44169ef4eb04b852f3295d20d5f1,
        type: 3}
      propertyPath: m_LocalPosition.x
      value: 0
      objectReference: {fileID: 0}
    - target: {fileID: 615195265872949774, guid: 80bf44169ef4eb04b852f3295d20d5f1,
        type: 3}
      propertyPath: m_LocalPosition.y
      value: 0
      objectReference: {fileID: 0}
    - target: {fileID: 615195265872949774, guid: 80bf44169ef4eb04b852f3295d20d5f1,
        type: 3}
      propertyPath: m_LocalPosition.z
      value: 0
      objectReference: {fileID: 0}
    - target: {fileID: 615195265872949774, guid: 80bf44169ef4eb04b852f3295d20d5f1,
        type: 3}
      propertyPath: m_LocalRotation.w
      value: 1
      objectReference: {fileID: 0}
    - target: {fileID: 615195265872949774, guid: 80bf44169ef4eb04b852f3295d20d5f1,
        type: 3}
      propertyPath: m_LocalRotation.x
      value: -0
      objectReference: {fileID: 0}
    - target: {fileID: 615195265872949774, guid: 80bf44169ef4eb04b852f3295d20d5f1,
        type: 3}
      propertyPath: m_LocalRotation.y
      value: -0
      objectReference: {fileID: 0}
    - target: {fileID: 615195265872949774, guid: 80bf44169ef4eb04b852f3295d20d5f1,
        type: 3}
      propertyPath: m_LocalRotation.z
      value: -0
      objectReference: {fileID: 0}
    - target: {fileID: 615195265872949774, guid: 80bf44169ef4eb04b852f3295d20d5f1,
        type: 3}
      propertyPath: m_AnchoredPosition.x
      value: 0
      objectReference: {fileID: 0}
    - target: {fileID: 615195265872949774, guid: 80bf44169ef4eb04b852f3295d20d5f1,
        type: 3}
      propertyPath: m_AnchoredPosition.y
      value: 0
      objectReference: {fileID: 0}
    - target: {fileID: 615195265872949774, guid: 80bf44169ef4eb04b852f3295d20d5f1,
        type: 3}
      propertyPath: m_LocalEulerAnglesHint.x
      value: 0
      objectReference: {fileID: 0}
    - target: {fileID: 615195265872949774, guid: 80bf44169ef4eb04b852f3295d20d5f1,
        type: 3}
      propertyPath: m_LocalEulerAnglesHint.y
      value: 0
      objectReference: {fileID: 0}
    - target: {fileID: 615195265872949774, guid: 80bf44169ef4eb04b852f3295d20d5f1,
        type: 3}
      propertyPath: m_LocalEulerAnglesHint.z
      value: 0
      objectReference: {fileID: 0}
    - target: {fileID: 5723040675150047823, guid: 80bf44169ef4eb04b852f3295d20d5f1,
        type: 3}
      propertyPath: m_Sprite
      value: 
      objectReference: {fileID: 21300000, guid: 9b6e42ceb66fa554daa2fe99276cb2b0,
        type: 3}
    - target: {fileID: 5880494048334387806, guid: 80bf44169ef4eb04b852f3295d20d5f1,
        type: 3}
      propertyPath: m_Name
      value: SoundSwitch
      objectReference: {fileID: 0}
    - target: {fileID: 8850295595337599425, guid: 80bf44169ef4eb04b852f3295d20d5f1,
        type: 3}
      propertyPath: _OnImage
      value: 
      objectReference: {fileID: 21300000, guid: da1ab8980f5c6e140ab0de35ae800405,
        type: 3}
    - target: {fileID: 8850295595337599425, guid: 80bf44169ef4eb04b852f3295d20d5f1,
        type: 3}
      propertyPath: _OffImage
      value: 
      objectReference: {fileID: 21300000, guid: 9b6e42ceb66fa554daa2fe99276cb2b0,
        type: 3}
    - target: {fileID: 8850295595337599425, guid: 80bf44169ef4eb04b852f3295d20d5f1,
        type: 3}
      propertyPath: _SwitchOn
      value: 0
      objectReference: {fileID: 0}
    - target: {fileID: 8850295595337599425, guid: 80bf44169ef4eb04b852f3295d20d5f1,
        type: 3}
      propertyPath: _TargetChangedImage
      value: 
      objectReference: {fileID: 648191836742498203}
    m_RemovedComponents: []
  m_SourcePrefab: {fileID: 100100000, guid: 80bf44169ef4eb04b852f3295d20d5f1, type: 3}
--- !u!114 &648191836742498203 stripped
MonoBehaviour:
  m_CorrespondingSourceObject: {fileID: 5723040675150047823, guid: 80bf44169ef4eb04b852f3295d20d5f1,
    type: 3}
  m_PrefabInstance: {fileID: 5157329824220847572}
  m_PrefabAsset: {fileID: 0}
  m_GameObject: {fileID: 0}
  m_Enabled: 1
  m_EditorHideFlags: 0
  m_Script: {fileID: 11500000, guid: fe87c0e1cc204ed48ad3b37840f39efc, type: 3}
  m_Name: 
  m_EditorClassIdentifier: 
--- !u!224 &5700177186329063386 stripped
RectTransform:
  m_CorrespondingSourceObject: {fileID: 615195265872949774, guid: 80bf44169ef4eb04b852f3295d20d5f1,
    type: 3}
  m_PrefabInstance: {fileID: 5157329824220847572}
  m_PrefabAsset: {fileID: 0}
--- !u!1 &1587855356870199178 stripped
GameObject:
  m_CorrespondingSourceObject: {fileID: 5880494048334387806, guid: 80bf44169ef4eb04b852f3295d20d5f1,
    type: 3}
  m_PrefabInstance: {fileID: 5157329824220847572}
  m_PrefabAsset: {fileID: 0}
--- !u!1001 &6115418371092931914
PrefabInstance:
  m_ObjectHideFlags: 0
  serializedVersion: 2
  m_Modification:
    m_TransformParent: {fileID: 0}
    m_Modifications:
    - target: {fileID: 630796448122530566, guid: ea2c3d1200fdc214186ea3c2f0815ad7,
        type: 3}
      propertyPath: m_Pivot.x
      value: 0.5
      objectReference: {fileID: 0}
    - target: {fileID: 630796448122530566, guid: ea2c3d1200fdc214186ea3c2f0815ad7,
        type: 3}
      propertyPath: m_Pivot.y
      value: 0.5
      objectReference: {fileID: 0}
    - target: {fileID: 630796448122530566, guid: ea2c3d1200fdc214186ea3c2f0815ad7,
        type: 3}
      propertyPath: m_RootOrder
      value: 0
      objectReference: {fileID: 0}
    - target: {fileID: 630796448122530566, guid: ea2c3d1200fdc214186ea3c2f0815ad7,
        type: 3}
      propertyPath: m_AnchorMax.x
      value: 1
      objectReference: {fileID: 0}
    - target: {fileID: 630796448122530566, guid: ea2c3d1200fdc214186ea3c2f0815ad7,
        type: 3}
      propertyPath: m_AnchorMax.y
      value: 1
      objectReference: {fileID: 0}
    - target: {fileID: 630796448122530566, guid: ea2c3d1200fdc214186ea3c2f0815ad7,
        type: 3}
      propertyPath: m_AnchorMin.x
      value: 0
      objectReference: {fileID: 0}
    - target: {fileID: 630796448122530566, guid: ea2c3d1200fdc214186ea3c2f0815ad7,
        type: 3}
      propertyPath: m_AnchorMin.y
      value: 0
      objectReference: {fileID: 0}
    - target: {fileID: 630796448122530566, guid: ea2c3d1200fdc214186ea3c2f0815ad7,
        type: 3}
      propertyPath: m_SizeDelta.x
      value: 0
      objectReference: {fileID: 0}
    - target: {fileID: 630796448122530566, guid: ea2c3d1200fdc214186ea3c2f0815ad7,
        type: 3}
      propertyPath: m_SizeDelta.y
      value: 0
      objectReference: {fileID: 0}
    - target: {fileID: 630796448122530566, guid: ea2c3d1200fdc214186ea3c2f0815ad7,
        type: 3}
      propertyPath: m_LocalPosition.x
      value: 0
      objectReference: {fileID: 0}
    - target: {fileID: 630796448122530566, guid: ea2c3d1200fdc214186ea3c2f0815ad7,
        type: 3}
      propertyPath: m_LocalPosition.y
      value: 0
      objectReference: {fileID: 0}
    - target: {fileID: 630796448122530566, guid: ea2c3d1200fdc214186ea3c2f0815ad7,
        type: 3}
      propertyPath: m_LocalPosition.z
      value: 0
      objectReference: {fileID: 0}
    - target: {fileID: 630796448122530566, guid: ea2c3d1200fdc214186ea3c2f0815ad7,
        type: 3}
      propertyPath: m_LocalRotation.w
      value: 1
      objectReference: {fileID: 0}
    - target: {fileID: 630796448122530566, guid: ea2c3d1200fdc214186ea3c2f0815ad7,
        type: 3}
      propertyPath: m_LocalRotation.x
      value: 0
      objectReference: {fileID: 0}
    - target: {fileID: 630796448122530566, guid: ea2c3d1200fdc214186ea3c2f0815ad7,
        type: 3}
      propertyPath: m_LocalRotation.y
      value: 0
      objectReference: {fileID: 0}
    - target: {fileID: 630796448122530566, guid: ea2c3d1200fdc214186ea3c2f0815ad7,
        type: 3}
      propertyPath: m_LocalRotation.z
      value: 0
      objectReference: {fileID: 0}
    - target: {fileID: 630796448122530566, guid: ea2c3d1200fdc214186ea3c2f0815ad7,
        type: 3}
      propertyPath: m_AnchoredPosition.x
      value: 0
      objectReference: {fileID: 0}
    - target: {fileID: 630796448122530566, guid: ea2c3d1200fdc214186ea3c2f0815ad7,
        type: 3}
      propertyPath: m_AnchoredPosition.y
      value: 0
      objectReference: {fileID: 0}
    - target: {fileID: 630796448122530566, guid: ea2c3d1200fdc214186ea3c2f0815ad7,
        type: 3}
      propertyPath: m_LocalEulerAnglesHint.x
      value: 0
      objectReference: {fileID: 0}
    - target: {fileID: 630796448122530566, guid: ea2c3d1200fdc214186ea3c2f0815ad7,
        type: 3}
      propertyPath: m_LocalEulerAnglesHint.y
      value: 0
      objectReference: {fileID: 0}
    - target: {fileID: 630796448122530566, guid: ea2c3d1200fdc214186ea3c2f0815ad7,
        type: 3}
      propertyPath: m_LocalEulerAnglesHint.z
      value: 0
      objectReference: {fileID: 0}
    - target: {fileID: 3711549424609412759, guid: ea2c3d1200fdc214186ea3c2f0815ad7,
        type: 3}
      propertyPath: _Type
      value: 5
      objectReference: {fileID: 0}
    - target: {fileID: 3711549424609412759, guid: ea2c3d1200fdc214186ea3c2f0815ad7,
        type: 3}
      propertyPath: _OpenPrevious
      value: 1
      objectReference: {fileID: 0}
    - target: {fileID: 3770141925407856016, guid: ea2c3d1200fdc214186ea3c2f0815ad7,
        type: 3}
      propertyPath: m_OnClick.m_PersistentCalls.m_Calls.Array.data[0].m_Target
      value: 
      objectReference: {fileID: 3268013669262714334}
    - target: {fileID: 3770141925407856016, guid: ea2c3d1200fdc214186ea3c2f0815ad7,
        type: 3}
      propertyPath: m_OnClick.m_PersistentCalls.m_Calls.Array.data[0].m_MethodName
      value: Click
      objectReference: {fileID: 0}
    - target: {fileID: 3770141925407856016, guid: ea2c3d1200fdc214186ea3c2f0815ad7,
        type: 3}
      propertyPath: m_OnClick.m_PersistentCalls.m_Calls.Array.data[0].m_TargetAssemblyTypeName
      value: UnityEngine.UI.ClickableElement, Core
      objectReference: {fileID: 0}
    - target: {fileID: 3770141925407856016, guid: ea2c3d1200fdc214186ea3c2f0815ad7,
        type: 3}
      propertyPath: m_OnClick.m_PersistentCalls.m_Calls.Array.data[0].m_Arguments.m_ObjectArgumentAssemblyTypeName
      value: UnityEngine.Object, UnityEngine
      objectReference: {fileID: 0}
    - target: {fileID: 4379471058909539597, guid: ea2c3d1200fdc214186ea3c2f0815ad7,
        type: 3}
      propertyPath: m_Name
      value: SettingsView Variant
      objectReference: {fileID: 0}
    m_RemovedComponents: []
  m_SourcePrefab: {fileID: 100100000, guid: ea2c3d1200fdc214186ea3c2f0815ad7, type: 3}
--- !u!224 &6638128402191584844 stripped
RectTransform:
  m_CorrespondingSourceObject: {fileID: 630796448122530566, guid: ea2c3d1200fdc214186ea3c2f0815ad7,
    type: 3}
  m_PrefabInstance: {fileID: 6115418371092931914}
  m_PrefabAsset: {fileID: 0}
--- !u!114 &7447904930943345629 stripped
MonoBehaviour:
  m_CorrespondingSourceObject: {fileID: 3711549424609412759, guid: ea2c3d1200fdc214186ea3c2f0815ad7,
    type: 3}
  m_PrefabInstance: {fileID: 6115418371092931914}
  m_PrefabAsset: {fileID: 0}
  m_GameObject: {fileID: 0}
  m_Enabled: 1
  m_EditorHideFlags: 0
  m_Script: {fileID: 11500000, guid: f3fa2fbb896a8514abda2e4d3afe3ada, type: 3}
  m_Name: 
  m_EditorClassIdentifier: 
--- !u!1001 &6191004157351829273
PrefabInstance:
  m_ObjectHideFlags: 0
  serializedVersion: 2
  m_Modification:
    m_TransformParent: {fileID: 5886601336133432687}
    m_Modifications:
    - target: {fileID: 2387660797827436514, guid: 5ebe19e1126b3574e98887123bd00b6a,
        type: 3}
      propertyPath: m_Name
      value: AboutButton
      objectReference: {fileID: 0}
    - target: {fileID: 2517577796457958048, guid: 5ebe19e1126b3574e98887123bd00b6a,
        type: 3}
      propertyPath: m_Sprite
      value: 
      objectReference: {fileID: 21300000, guid: fc43e18134063764396388ce6c309e7c,
        type: 3}
    - target: {fileID: 8660569570962024370, guid: 5ebe19e1126b3574e98887123bd00b6a,
        type: 3}
      propertyPath: m_Pivot.x
      value: 0.5
      objectReference: {fileID: 0}
    - target: {fileID: 8660569570962024370, guid: 5ebe19e1126b3574e98887123bd00b6a,
        type: 3}
      propertyPath: m_Pivot.y
      value: 0.5
      objectReference: {fileID: 0}
    - target: {fileID: 8660569570962024370, guid: 5ebe19e1126b3574e98887123bd00b6a,
        type: 3}
      propertyPath: m_RootOrder
      value: 3
      objectReference: {fileID: 0}
    - target: {fileID: 8660569570962024370, guid: 5ebe19e1126b3574e98887123bd00b6a,
        type: 3}
      propertyPath: m_AnchorMax.x
      value: 0
      objectReference: {fileID: 0}
    - target: {fileID: 8660569570962024370, guid: 5ebe19e1126b3574e98887123bd00b6a,
        type: 3}
      propertyPath: m_AnchorMax.y
      value: 0
      objectReference: {fileID: 0}
    - target: {fileID: 8660569570962024370, guid: 5ebe19e1126b3574e98887123bd00b6a,
        type: 3}
      propertyPath: m_AnchorMin.x
      value: 0
      objectReference: {fileID: 0}
    - target: {fileID: 8660569570962024370, guid: 5ebe19e1126b3574e98887123bd00b6a,
        type: 3}
      propertyPath: m_AnchorMin.y
      value: 0
      objectReference: {fileID: 0}
    - target: {fileID: 8660569570962024370, guid: 5ebe19e1126b3574e98887123bd00b6a,
        type: 3}
      propertyPath: m_SizeDelta.x
      value: 200
      objectReference: {fileID: 0}
    - target: {fileID: 8660569570962024370, guid: 5ebe19e1126b3574e98887123bd00b6a,
        type: 3}
      propertyPath: m_SizeDelta.y
      value: 200
      objectReference: {fileID: 0}
    - target: {fileID: 8660569570962024370, guid: 5ebe19e1126b3574e98887123bd00b6a,
        type: 3}
      propertyPath: m_LocalPosition.x
      value: 0
      objectReference: {fileID: 0}
    - target: {fileID: 8660569570962024370, guid: 5ebe19e1126b3574e98887123bd00b6a,
        type: 3}
      propertyPath: m_LocalPosition.y
      value: 0
      objectReference: {fileID: 0}
    - target: {fileID: 8660569570962024370, guid: 5ebe19e1126b3574e98887123bd00b6a,
        type: 3}
      propertyPath: m_LocalPosition.z
      value: 0
      objectReference: {fileID: 0}
    - target: {fileID: 8660569570962024370, guid: 5ebe19e1126b3574e98887123bd00b6a,
        type: 3}
      propertyPath: m_LocalRotation.w
      value: 1
      objectReference: {fileID: 0}
    - target: {fileID: 8660569570962024370, guid: 5ebe19e1126b3574e98887123bd00b6a,
        type: 3}
      propertyPath: m_LocalRotation.x
      value: 0
      objectReference: {fileID: 0}
    - target: {fileID: 8660569570962024370, guid: 5ebe19e1126b3574e98887123bd00b6a,
        type: 3}
      propertyPath: m_LocalRotation.y
      value: 0
      objectReference: {fileID: 0}
    - target: {fileID: 8660569570962024370, guid: 5ebe19e1126b3574e98887123bd00b6a,
        type: 3}
      propertyPath: m_LocalRotation.z
      value: 0
      objectReference: {fileID: 0}
    - target: {fileID: 8660569570962024370, guid: 5ebe19e1126b3574e98887123bd00b6a,
        type: 3}
      propertyPath: m_AnchoredPosition.x
      value: 0
      objectReference: {fileID: 0}
    - target: {fileID: 8660569570962024370, guid: 5ebe19e1126b3574e98887123bd00b6a,
        type: 3}
      propertyPath: m_AnchoredPosition.y
      value: 0
      objectReference: {fileID: 0}
    - target: {fileID: 8660569570962024370, guid: 5ebe19e1126b3574e98887123bd00b6a,
        type: 3}
      propertyPath: m_LocalEulerAnglesHint.x
      value: 0
      objectReference: {fileID: 0}
    - target: {fileID: 8660569570962024370, guid: 5ebe19e1126b3574e98887123bd00b6a,
        type: 3}
      propertyPath: m_LocalEulerAnglesHint.y
      value: 0
      objectReference: {fileID: 0}
    - target: {fileID: 8660569570962024370, guid: 5ebe19e1126b3574e98887123bd00b6a,
        type: 3}
      propertyPath: m_LocalEulerAnglesHint.z
      value: 0
      objectReference: {fileID: 0}
    m_RemovedComponents: []
  m_SourcePrefab: {fileID: 100100000, guid: 5ebe19e1126b3574e98887123bd00b6a, type: 3}
--- !u!224 &3304053715720452267 stripped
RectTransform:
  m_CorrespondingSourceObject: {fileID: 8660569570962024370, guid: 5ebe19e1126b3574e98887123bd00b6a,
    type: 3}
  m_PrefabInstance: {fileID: 6191004157351829273}
  m_PrefabAsset: {fileID: 0}
--- !u!1001 &6590479857787026604
PrefabInstance:
  m_ObjectHideFlags: 0
  serializedVersion: 2
  m_Modification:
    m_TransformParent: {fileID: 401797765004298872}
    m_Modifications:
    - target: {fileID: 615195265872949774, guid: 80bf44169ef4eb04b852f3295d20d5f1,
        type: 3}
      propertyPath: m_Pivot.x
      value: 0.5
      objectReference: {fileID: 0}
    - target: {fileID: 615195265872949774, guid: 80bf44169ef4eb04b852f3295d20d5f1,
        type: 3}
      propertyPath: m_Pivot.y
      value: 0.5
      objectReference: {fileID: 0}
    - target: {fileID: 615195265872949774, guid: 80bf44169ef4eb04b852f3295d20d5f1,
        type: 3}
      propertyPath: m_RootOrder
      value: 2
      objectReference: {fileID: 0}
    - target: {fileID: 615195265872949774, guid: 80bf44169ef4eb04b852f3295d20d5f1,
        type: 3}
      propertyPath: m_AnchorMax.x
      value: 0
      objectReference: {fileID: 0}
    - target: {fileID: 615195265872949774, guid: 80bf44169ef4eb04b852f3295d20d5f1,
        type: 3}
      propertyPath: m_AnchorMax.y
      value: 0
      objectReference: {fileID: 0}
    - target: {fileID: 615195265872949774, guid: 80bf44169ef4eb04b852f3295d20d5f1,
        type: 3}
      propertyPath: m_AnchorMin.x
      value: 0
      objectReference: {fileID: 0}
    - target: {fileID: 615195265872949774, guid: 80bf44169ef4eb04b852f3295d20d5f1,
        type: 3}
      propertyPath: m_AnchorMin.y
      value: 0
      objectReference: {fileID: 0}
    - target: {fileID: 615195265872949774, guid: 80bf44169ef4eb04b852f3295d20d5f1,
        type: 3}
      propertyPath: m_SizeDelta.x
      value: 200
      objectReference: {fileID: 0}
    - target: {fileID: 615195265872949774, guid: 80bf44169ef4eb04b852f3295d20d5f1,
        type: 3}
      propertyPath: m_SizeDelta.y
      value: 200
      objectReference: {fileID: 0}
    - target: {fileID: 615195265872949774, guid: 80bf44169ef4eb04b852f3295d20d5f1,
        type: 3}
      propertyPath: m_LocalPosition.x
      value: 0
      objectReference: {fileID: 0}
    - target: {fileID: 615195265872949774, guid: 80bf44169ef4eb04b852f3295d20d5f1,
        type: 3}
      propertyPath: m_LocalPosition.y
      value: 0
      objectReference: {fileID: 0}
    - target: {fileID: 615195265872949774, guid: 80bf44169ef4eb04b852f3295d20d5f1,
        type: 3}
      propertyPath: m_LocalPosition.z
      value: 0
      objectReference: {fileID: 0}
    - target: {fileID: 615195265872949774, guid: 80bf44169ef4eb04b852f3295d20d5f1,
        type: 3}
      propertyPath: m_LocalRotation.w
      value: 1
      objectReference: {fileID: 0}
    - target: {fileID: 615195265872949774, guid: 80bf44169ef4eb04b852f3295d20d5f1,
        type: 3}
      propertyPath: m_LocalRotation.x
      value: 0
      objectReference: {fileID: 0}
    - target: {fileID: 615195265872949774, guid: 80bf44169ef4eb04b852f3295d20d5f1,
        type: 3}
      propertyPath: m_LocalRotation.y
      value: 0
      objectReference: {fileID: 0}
    - target: {fileID: 615195265872949774, guid: 80bf44169ef4eb04b852f3295d20d5f1,
        type: 3}
      propertyPath: m_LocalRotation.z
      value: 0
      objectReference: {fileID: 0}
    - target: {fileID: 615195265872949774, guid: 80bf44169ef4eb04b852f3295d20d5f1,
        type: 3}
      propertyPath: m_AnchoredPosition.x
      value: 0
      objectReference: {fileID: 0}
    - target: {fileID: 615195265872949774, guid: 80bf44169ef4eb04b852f3295d20d5f1,
        type: 3}
      propertyPath: m_AnchoredPosition.y
      value: 0
      objectReference: {fileID: 0}
    - target: {fileID: 615195265872949774, guid: 80bf44169ef4eb04b852f3295d20d5f1,
        type: 3}
      propertyPath: m_LocalEulerAnglesHint.x
      value: 0
      objectReference: {fileID: 0}
    - target: {fileID: 615195265872949774, guid: 80bf44169ef4eb04b852f3295d20d5f1,
        type: 3}
      propertyPath: m_LocalEulerAnglesHint.y
      value: 0
      objectReference: {fileID: 0}
    - target: {fileID: 615195265872949774, guid: 80bf44169ef4eb04b852f3295d20d5f1,
        type: 3}
      propertyPath: m_LocalEulerAnglesHint.z
      value: 0
      objectReference: {fileID: 0}
    - target: {fileID: 5723040675150047823, guid: 80bf44169ef4eb04b852f3295d20d5f1,
        type: 3}
      propertyPath: m_Sprite
      value: 
      objectReference: {fileID: 21300000, guid: 155ffb477b5e066468f5747a444ab9f3,
        type: 3}
    - target: {fileID: 5880494048334387806, guid: 80bf44169ef4eb04b852f3295d20d5f1,
        type: 3}
      propertyPath: m_Name
      value: VibrationSwitch
      objectReference: {fileID: 0}
    - target: {fileID: 8850295595337599425, guid: 80bf44169ef4eb04b852f3295d20d5f1,
        type: 3}
      propertyPath: _OnImage
      value: 
      objectReference: {fileID: 21300000, guid: 4195b84e76a760643a12ff1f247f5641,
        type: 3}
    - target: {fileID: 8850295595337599425, guid: 80bf44169ef4eb04b852f3295d20d5f1,
        type: 3}
      propertyPath: _OffImage
      value: 
      objectReference: {fileID: 21300000, guid: 155ffb477b5e066468f5747a444ab9f3,
        type: 3}
    m_RemovedComponents: []
  m_SourcePrefab: {fileID: 100100000, guid: 80bf44169ef4eb04b852f3295d20d5f1, type: 3}
--- !u!1 &787462174749894386 stripped
GameObject:
  m_CorrespondingSourceObject: {fileID: 5880494048334387806, guid: 80bf44169ef4eb04b852f3295d20d5f1,
    type: 3}
  m_PrefabInstance: {fileID: 6590479857787026604}
  m_PrefabAsset: {fileID: 0}
--- !u!224 &6052708530460872354 stripped
RectTransform:
  m_CorrespondingSourceObject: {fileID: 615195265872949774, guid: 80bf44169ef4eb04b852f3295d20d5f1,
    type: 3}
  m_PrefabInstance: {fileID: 6590479857787026604}
  m_PrefabAsset: {fileID: 0}
--- !u!1001 &7188396785138186389
PrefabInstance:
  m_ObjectHideFlags: 0
  serializedVersion: 2
  m_Modification:
    m_TransformParent: {fileID: 5886601336133432687}
    m_Modifications:
    - target: {fileID: 2387660797827436514, guid: 5ebe19e1126b3574e98887123bd00b6a,
        type: 3}
      propertyPath: m_Name
      value: RateButton
      objectReference: {fileID: 0}
    - target: {fileID: 2517577796457958048, guid: 5ebe19e1126b3574e98887123bd00b6a,
        type: 3}
      propertyPath: m_Sprite
      value: 
      objectReference: {fileID: 21300000, guid: c9efa15d9cc78454ead10dc99a8fa17b,
        type: 3}
    - target: {fileID: 8660569570962024370, guid: 5ebe19e1126b3574e98887123bd00b6a,
        type: 3}
      propertyPath: m_Pivot.x
      value: 0.5
      objectReference: {fileID: 0}
    - target: {fileID: 8660569570962024370, guid: 5ebe19e1126b3574e98887123bd00b6a,
        type: 3}
      propertyPath: m_Pivot.y
      value: 0.5
      objectReference: {fileID: 0}
    - target: {fileID: 8660569570962024370, guid: 5ebe19e1126b3574e98887123bd00b6a,
        type: 3}
      propertyPath: m_RootOrder
      value: 0
      objectReference: {fileID: 0}
    - target: {fileID: 8660569570962024370, guid: 5ebe19e1126b3574e98887123bd00b6a,
        type: 3}
      propertyPath: m_AnchorMax.x
      value: 0
      objectReference: {fileID: 0}
    - target: {fileID: 8660569570962024370, guid: 5ebe19e1126b3574e98887123bd00b6a,
        type: 3}
      propertyPath: m_AnchorMax.y
      value: 0
      objectReference: {fileID: 0}
    - target: {fileID: 8660569570962024370, guid: 5ebe19e1126b3574e98887123bd00b6a,
        type: 3}
      propertyPath: m_AnchorMin.x
      value: 0
      objectReference: {fileID: 0}
    - target: {fileID: 8660569570962024370, guid: 5ebe19e1126b3574e98887123bd00b6a,
        type: 3}
      propertyPath: m_AnchorMin.y
      value: 0
      objectReference: {fileID: 0}
    - target: {fileID: 8660569570962024370, guid: 5ebe19e1126b3574e98887123bd00b6a,
        type: 3}
      propertyPath: m_SizeDelta.x
      value: 200
      objectReference: {fileID: 0}
    - target: {fileID: 8660569570962024370, guid: 5ebe19e1126b3574e98887123bd00b6a,
        type: 3}
      propertyPath: m_SizeDelta.y
      value: 200
      objectReference: {fileID: 0}
    - target: {fileID: 8660569570962024370, guid: 5ebe19e1126b3574e98887123bd00b6a,
        type: 3}
      propertyPath: m_LocalPosition.x
      value: 0
      objectReference: {fileID: 0}
    - target: {fileID: 8660569570962024370, guid: 5ebe19e1126b3574e98887123bd00b6a,
        type: 3}
      propertyPath: m_LocalPosition.y
      value: 0
      objectReference: {fileID: 0}
    - target: {fileID: 8660569570962024370, guid: 5ebe19e1126b3574e98887123bd00b6a,
        type: 3}
      propertyPath: m_LocalPosition.z
      value: 0
      objectReference: {fileID: 0}
    - target: {fileID: 8660569570962024370, guid: 5ebe19e1126b3574e98887123bd00b6a,
        type: 3}
      propertyPath: m_LocalRotation.w
      value: 1
      objectReference: {fileID: 0}
    - target: {fileID: 8660569570962024370, guid: 5ebe19e1126b3574e98887123bd00b6a,
        type: 3}
      propertyPath: m_LocalRotation.x
      value: 0
      objectReference: {fileID: 0}
    - target: {fileID: 8660569570962024370, guid: 5ebe19e1126b3574e98887123bd00b6a,
        type: 3}
      propertyPath: m_LocalRotation.y
      value: 0
      objectReference: {fileID: 0}
    - target: {fileID: 8660569570962024370, guid: 5ebe19e1126b3574e98887123bd00b6a,
        type: 3}
      propertyPath: m_LocalRotation.z
      value: 0
      objectReference: {fileID: 0}
    - target: {fileID: 8660569570962024370, guid: 5ebe19e1126b3574e98887123bd00b6a,
        type: 3}
      propertyPath: m_AnchoredPosition.x
      value: 0
      objectReference: {fileID: 0}
    - target: {fileID: 8660569570962024370, guid: 5ebe19e1126b3574e98887123bd00b6a,
        type: 3}
      propertyPath: m_AnchoredPosition.y
      value: 0
      objectReference: {fileID: 0}
    - target: {fileID: 8660569570962024370, guid: 5ebe19e1126b3574e98887123bd00b6a,
        type: 3}
      propertyPath: m_LocalEulerAnglesHint.x
      value: 0
      objectReference: {fileID: 0}
    - target: {fileID: 8660569570962024370, guid: 5ebe19e1126b3574e98887123bd00b6a,
        type: 3}
      propertyPath: m_LocalEulerAnglesHint.y
      value: 0
      objectReference: {fileID: 0}
    - target: {fileID: 8660569570962024370, guid: 5ebe19e1126b3574e98887123bd00b6a,
        type: 3}
      propertyPath: m_LocalEulerAnglesHint.z
      value: 0
      objectReference: {fileID: 0}
    - target: {fileID: 8787971290160422041, guid: 5ebe19e1126b3574e98887123bd00b6a,
        type: 3}
      propertyPath: m_OnClick.m_PersistentCalls.m_Calls.Array.size
      value: 2
      objectReference: {fileID: 0}
    - target: {fileID: 8787971290160422041, guid: 5ebe19e1126b3574e98887123bd00b6a,
        type: 3}
      propertyPath: m_OnClick.m_PersistentCalls.m_Calls.Array.data[1].m_Mode
      value: 1
      objectReference: {fileID: 0}
    - target: {fileID: 8787971290160422041, guid: 5ebe19e1126b3574e98887123bd00b6a,
        type: 3}
      propertyPath: m_OnClick.m_PersistentCalls.m_Calls.Array.data[1].m_Target
      value: 
      objectReference: {fileID: 5550706343475531247}
    - target: {fileID: 8787971290160422041, guid: 5ebe19e1126b3574e98887123bd00b6a,
        type: 3}
      propertyPath: m_OnClick.m_PersistentCalls.m_Calls.Array.data[1].m_CallState
      value: 2
      objectReference: {fileID: 0}
    - target: {fileID: 8787971290160422041, guid: 5ebe19e1126b3574e98887123bd00b6a,
        type: 3}
      propertyPath: m_OnClick.m_PersistentCalls.m_Calls.Array.data[1].m_MethodName
      value: Click
      objectReference: {fileID: 0}
    - target: {fileID: 8787971290160422041, guid: 5ebe19e1126b3574e98887123bd00b6a,
        type: 3}
      propertyPath: m_OnClick.m_PersistentCalls.m_Calls.Array.data[1].m_Arguments.m_ObjectArgumentAssemblyTypeName
      value: UnityEngine.Object, UnityEngine
      objectReference: {fileID: 0}
    m_RemovedComponents: []
  m_SourcePrefab: {fileID: 100100000, guid: 5ebe19e1126b3574e98887123bd00b6a, type: 3}
--- !u!224 &2013908283077107495 stripped
RectTransform:
  m_CorrespondingSourceObject: {fileID: 8660569570962024370, guid: 5ebe19e1126b3574e98887123bd00b6a,
    type: 3}
  m_PrefabInstance: {fileID: 7188396785138186389}
  m_PrefabAsset: {fileID: 0}
--- !u!1 &4819128756333049719 stripped
GameObject:
  m_CorrespondingSourceObject: {fileID: 2387660797827436514, guid: 5ebe19e1126b3574e98887123bd00b6a,
    type: 3}
  m_PrefabInstance: {fileID: 7188396785138186389}
  m_PrefabAsset: {fileID: 0}
--- !u!1001 &8966043926436270876
PrefabInstance:
  m_ObjectHideFlags: 0
  serializedVersion: 2
  m_Modification:
    m_TransformParent: {fileID: 401797765004298872}
    m_Modifications:
    - target: {fileID: 615195265872949774, guid: 80bf44169ef4eb04b852f3295d20d5f1,
        type: 3}
      propertyPath: m_Pivot.x
      value: 0.5
      objectReference: {fileID: 0}
    - target: {fileID: 615195265872949774, guid: 80bf44169ef4eb04b852f3295d20d5f1,
        type: 3}
      propertyPath: m_Pivot.y
      value: 0.5
      objectReference: {fileID: 0}
    - target: {fileID: 615195265872949774, guid: 80bf44169ef4eb04b852f3295d20d5f1,
        type: 3}
      propertyPath: m_RootOrder
      value: 3
      objectReference: {fileID: 0}
    - target: {fileID: 615195265872949774, guid: 80bf44169ef4eb04b852f3295d20d5f1,
        type: 3}
      propertyPath: m_AnchorMax.x
      value: 0
      objectReference: {fileID: 0}
    - target: {fileID: 615195265872949774, guid: 80bf44169ef4eb04b852f3295d20d5f1,
        type: 3}
      propertyPath: m_AnchorMax.y
      value: 0
      objectReference: {fileID: 0}
    - target: {fileID: 615195265872949774, guid: 80bf44169ef4eb04b852f3295d20d5f1,
        type: 3}
      propertyPath: m_AnchorMin.x
      value: 0
      objectReference: {fileID: 0}
    - target: {fileID: 615195265872949774, guid: 80bf44169ef4eb04b852f3295d20d5f1,
        type: 3}
      propertyPath: m_AnchorMin.y
      value: 0
      objectReference: {fileID: 0}
    - target: {fileID: 615195265872949774, guid: 80bf44169ef4eb04b852f3295d20d5f1,
        type: 3}
      propertyPath: m_SizeDelta.x
      value: 200
      objectReference: {fileID: 0}
    - target: {fileID: 615195265872949774, guid: 80bf44169ef4eb04b852f3295d20d5f1,
        type: 3}
      propertyPath: m_SizeDelta.y
      value: 200
      objectReference: {fileID: 0}
    - target: {fileID: 615195265872949774, guid: 80bf44169ef4eb04b852f3295d20d5f1,
        type: 3}
      propertyPath: m_LocalPosition.x
      value: 0
      objectReference: {fileID: 0}
    - target: {fileID: 615195265872949774, guid: 80bf44169ef4eb04b852f3295d20d5f1,
        type: 3}
      propertyPath: m_LocalPosition.y
      value: 0
      objectReference: {fileID: 0}
    - target: {fileID: 615195265872949774, guid: 80bf44169ef4eb04b852f3295d20d5f1,
        type: 3}
      propertyPath: m_LocalPosition.z
      value: 0
      objectReference: {fileID: 0}
    - target: {fileID: 615195265872949774, guid: 80bf44169ef4eb04b852f3295d20d5f1,
        type: 3}
      propertyPath: m_LocalRotation.w
      value: 1
      objectReference: {fileID: 0}
    - target: {fileID: 615195265872949774, guid: 80bf44169ef4eb04b852f3295d20d5f1,
        type: 3}
      propertyPath: m_LocalRotation.x
      value: 0
      objectReference: {fileID: 0}
    - target: {fileID: 615195265872949774, guid: 80bf44169ef4eb04b852f3295d20d5f1,
        type: 3}
      propertyPath: m_LocalRotation.y
      value: 0
      objectReference: {fileID: 0}
    - target: {fileID: 615195265872949774, guid: 80bf44169ef4eb04b852f3295d20d5f1,
        type: 3}
      propertyPath: m_LocalRotation.z
      value: 0
      objectReference: {fileID: 0}
    - target: {fileID: 615195265872949774, guid: 80bf44169ef4eb04b852f3295d20d5f1,
        type: 3}
      propertyPath: m_AnchoredPosition.x
      value: 0
      objectReference: {fileID: 0}
    - target: {fileID: 615195265872949774, guid: 80bf44169ef4eb04b852f3295d20d5f1,
        type: 3}
      propertyPath: m_AnchoredPosition.y
      value: 0
      objectReference: {fileID: 0}
    - target: {fileID: 615195265872949774, guid: 80bf44169ef4eb04b852f3295d20d5f1,
        type: 3}
      propertyPath: m_LocalEulerAnglesHint.x
      value: 0
      objectReference: {fileID: 0}
    - target: {fileID: 615195265872949774, guid: 80bf44169ef4eb04b852f3295d20d5f1,
        type: 3}
      propertyPath: m_LocalEulerAnglesHint.y
      value: 0
      objectReference: {fileID: 0}
    - target: {fileID: 615195265872949774, guid: 80bf44169ef4eb04b852f3295d20d5f1,
        type: 3}
      propertyPath: m_LocalEulerAnglesHint.z
      value: 0
      objectReference: {fileID: 0}
    - target: {fileID: 5723040675150047823, guid: 80bf44169ef4eb04b852f3295d20d5f1,
        type: 3}
      propertyPath: m_Sprite
      value: 
      objectReference: {fileID: 21300000, guid: 920026696f87c444f817429b0042d178,
        type: 3}
    - target: {fileID: 5880494048334387806, guid: 80bf44169ef4eb04b852f3295d20d5f1,
        type: 3}
      propertyPath: m_Name
      value: NotificationSwitch
      objectReference: {fileID: 0}
    - target: {fileID: 8850295595337599425, guid: 80bf44169ef4eb04b852f3295d20d5f1,
        type: 3}
      propertyPath: _OnImage
      value: 
      objectReference: {fileID: 21300000, guid: 32c107c8165c9ba47bc9a560b22f93d4,
        type: 3}
    - target: {fileID: 8850295595337599425, guid: 80bf44169ef4eb04b852f3295d20d5f1,
        type: 3}
      propertyPath: _OffImage
      value: 
      objectReference: {fileID: 21300000, guid: 920026696f87c444f817429b0042d178,
        type: 3}
    - target: {fileID: 8850295595337599425, guid: 80bf44169ef4eb04b852f3295d20d5f1,
        type: 3}
      propertyPath: _SwitchOn
      value: 0
      objectReference: {fileID: 0}
    m_RemovedComponents: []
  m_SourcePrefab: {fileID: 100100000, guid: 80bf44169ef4eb04b852f3295d20d5f1, type: 3}
--- !u!1 &3311974609847142722 stripped
GameObject:
  m_CorrespondingSourceObject: {fileID: 5880494048334387806, guid: 80bf44169ef4eb04b852f3295d20d5f1,
    type: 3}
  m_PrefabInstance: {fileID: 8966043926436270876}
  m_PrefabAsset: {fileID: 0}
--- !u!224 &8422951382362071314 stripped
RectTransform:
  m_CorrespondingSourceObject: {fileID: 615195265872949774, guid: 80bf44169ef4eb04b852f3295d20d5f1,
    type: 3}
  m_PrefabInstance: {fileID: 8966043926436270876}
  m_PrefabAsset: {fileID: 0}
